4716 5846
1239 783 1290 872 18

535 1025 718 1100 earumque
744 1005 853 1078 formo
882 1027 901 1074 a
927 1006 1106 1075 curvatura
1132 995 1426 1092 praeternaturali,
1454 1017 1552 1091 qnam
1576 992 1809 1068 vertebrarum
1837 991 1995 1068 colomna

534 1143 634 1218 uotis
660 1141 800 1233 obtulit,
828 1135 1066 1234 aliquantulum
1093 1143 1217 1206 mutata
1242 1143 1307 1206 est.

637 1279 866 1352 Transeamus
898 1295 987 1346 nnnc
1022 1273 1189 1368 expositis
1227 1271 1354 1342 ossium
1384 1270 1494 1342 ouoci
1525 1269 1619 1341 vitiis
1653 1265 1697 1338 ad
1731 1266 1996 1363 descriptionem

534 1415 658 1512 pedum
685 1409 944 1508 superfluorum,
970 1411 1026 1502 qui
1051 1430 1072 1479 e
1101 1406 1204 1479 dorso
1230 1404 1503 1503 proficiscuntur.
1553 1404 1701 1476 Primum
1731 1404 1820 1477 ossis
1846 1405 1996 1476 mentio-

534 1571 614 1624 nem
637 1548 741 1636 facio,
764 1543 854 1638 quod
881 1543 987 1616 sellae
1013 1545 1090 1616 sive
1116 1542 1259 1634 straguli
1282 1540 1325 1613 ad
1342 1544 1448 1614 instar
1466 1541 1570 1614 dorso
1583 1539 1756 1631 incumbit,
1781 1539 1995 1636 scapularum

534 1685 670 1759 vicibus
702 1683 852 1773 iungitur
886 1689 920 1752 at
956 1693 1098 1774 quocum
1132 1677 1241 1773 pedes
1276 1679 1465 1750 occesserii
1498 1678 1668 1770 conjuncti
1701 1685 1789 1750 sunt.
1846 1676 1922 1750 Hoc
1955 1697 1997 1750 os

537 1841 584 1893 ex
616 1818 737 1889 dextra
770 1824 804 1888 et
838 1818 973 1890 sinistra
1008 1825 1104 1912 parte
1132 1817 1355 1910 compositum
1385 1823 1459 1904 est,
1495 1822 1532 1885 et
1563 1811 1682 1886 dextra
1718 1812 1852 1908 quidem
1887 1816 1998 1888 minor

538 1977 614 2027 cum
641 1957 775 2026 sinistra
801 1953 960 2046 angulum
987 1952 1122 2040 format,
1149 1954 1182 2022 in
1211 1973 1276 2046 quo
1304 1953 1446 2024 coalitus
1473 1973 1550 2024 cum
1564 1954 1661 2047 spina
1686 1951 1869 2024 vertebrae
1891 1974 1999 2047 quar-

536 2099 593 2162 tae
619 2087 717 2162 brevi
745 2087 958 2162 observator.
1011 2088 1050 2160 ln
1078 2087 1182 2159 dorso
1210 2085 1326 2178 anguli
1353 2095 1500 2157 suturam
1528 2091 1624 2181 quasi
1648 2090 1737 2158 inter
1753 2095 1929 2182 utrumque
1956 2107 1998 2160 os

539 2226 777 2300 decurrentem
813 2227 1053 2322 conspicimus.
1114 2223 1261 2318 Scapula
1300 2225 1496 2295 accessoria
1530 2221 1651 2294 dextra
1682 2223 1718 2294 in
1742 2221 1809 2294 fine
1835 2220 2000 2296 inferiore

538 2371 574 2436 et
599 2364 796 2456 angustiore
821 2383 900 2432 curn
927 2360 1066 2458 scapula
1093 2359 1213 2433 dextra
1236 2379 1321 2432 vera
1349 2359 1524 2452 ligamenti
1551 2359 1659 2430 crassi
1685 2379 1751 2453 ope
1779 2356 1938 2450 colligata
1964 2359 1999 2429 in

536 2501 692 2595 margine
720 2503 893 2573 anteriore
919 2520 1119 2596 processum
1144 2507 1294 2571 erectum
1320 2496 1441 2586 habet3
1475 2494 1615 2592 scapulo
1642 2497 1838 2568 accessoria
1864 2495 2001 2568 sinistro

537 2654 686 2731 superne
714 2655 888 2725 convexo,
914 2633 1050 2707 inferne
1078 2655 1232 2706 concava
1254 2631 1449 2725 ligamentis
1474 2626 1637 2701 brevibus
1658 2632 1851 2722 crassisque
1875 2630 2003 2701 arctis-

537 2773 624 2844 sime
650 2789 806 2842 connexa
833 2779 888 2842 est
913 2792 990 2841 cum
1016 2769 1114 2863 spina
1139 2767 1208 2838 lata
1235 2766 1417 2840 vertebrae
1444 2767 1620 2860 septimae.
1673 2765 1712 2837 ln
1745 2767 1900 2859 margine
1932 2765 2002 2838 hs-

537 2923 612 2976 rum
639 2903 853 2997 scapularum
878 2906 1072 2999 posteriore
1100 2902 1222 2974 eodem
1249 2899 1328 2974 loco
1355 2901 1459 2974 infixa
1485 2908 1562 2974 sunt
1588 2921 1669 2973 ossa
1694 2900 1780 2988 duo,
1817 2923 1905 2997 quae
1930 2903 2000 2976 hu-

536 3041 643 3112 meris
668 3036 768 3111 simol
793 3046 828 3110 et
854 3037 1071 3112 antibrachiis
1097 3041 1269 3131 utriusque
1284 3037 1383 3132 pedis
1399 3039 1650 3133 supervacanei
1664 3036 1883 3133 respondent.
1927 3038 2003 3111 Pe-

540 3172 593 3247 dis
628 3175 806 3246 anterioris
831 3193 899 3244 uno
927 3173 1034 3266 digito
1061 3173 1205 3270 praediti
1231 3193 1310 3244 ossa
1336 3171 1497 3246 breviora
1526 3181 1560 3245 et
1592 3175 1746 3246 tenuiora
1782 3183 1878 3267 sunt,
1912 3175 2002 3271 quod

537 3313 724 3409 praecipue
761 3308 803 3381 de
836 3309 978 3383 humero
1007 3310 1100 3385 valet
1135 3313 1348 3381 curvaturam
1384 3308 1606 3401 sigmoideam
1634 3307 1801 3405 duplicem
1834 3310 2001 3399 habente;

539 3450 575 3521 in
596 3445 686 3545 pede
712 3447 904 3543 posteriore
932 3468 986 3539 oc,
1013 3445 1102 3543 quod
1128 3443 1259 3518 humeri
1285 3444 1386 3516 modo
1412 3443 1496 3536 dixi,
1511 3443 1613 3542 duplo
1632 3445 1767 3538 longius
1785 3453 1850 3537 est,
1874 3467 2003 3520 arcua-

538 3592 608 3656 tum
636 3591 670 3656 et
696 3604 941 3678 compressum.
994 3581 1082 3656 Ossa
1110 3586 1204 3680 carpi
1227 3581 1421 3676 ligamentis
1448 3580 1582 3654 obtecta
1608 3581 1808 3677 imperfecta
1835 3605 1916 3686 esse
1941 3591 2003 3660 vi-

540 3718 672 3792 dentur.
725 3717 854 3792 Pedum
886 3695 1159 3793 accessoriorum
1187 3717 1335 3814 ungulae
1367 3722 1468 3793 nimis
1496 3718 1678 3809 elongatae
1707 3727 1741 3790 et
1767 3738 1929 3792 cornuum
1956 3720 2000 3794 ad

538 3856 681 3929 formam
708 3857 907 3934 incurvatae
935 3865 1021 3932 sunt.

641 3992 747 4064 Vituli
781 3997 865 4066 cotis
900 3993 1042 4066 infarcta
1070 3995 1104 4065 in
1139 4012 1259 4064 museo
1293 3992 1484 4064 anatomico
1501 4026 1524 4042 -
1543 3987 1762 4086 pathologlco
1792 3992 1864 4083 jam
1889 3989 2002 4064 multis

541 4147 588 4197 ex
620 4128 717 4198 annis
751 4137 997 4219 conservatur,
1030 4131 1065 4200 in
1092 4127 1190 4222 cujus
1224 4125 1327 4198 dorso
1360 4125 1475 4198 medio
1511 4147 1575 4221 pos
1608 4131 1824 4200 accessorius
1849 4127 2028 4220 inhaeret,

542 4258 673 4334 duobus
700 4258 813 4352 digitis
832 4262 1016 4358 praeditus.
1068 4262 1262 4354 Digitorum
1289 4258 1435 4352 ungine
1461 4258 1634 4332 normales
1658 4269 1735 4332 sunt
1761 4268 1796 4331 et
1820 4259 1873 4334 his
1893 4267 2004 4332 adce-

543 4393 590 4467 dit
617 4397 652 4466 io
684 4397 876 4490 posteriora
907 4396 1019 4470 latere
1050 4406 1085 4469 et
1120 4395 1222 4470 solito
1258 4396 1337 4467 loco
1364 4392 1488 4487 ungula
1514 4397 1613 4466 tertia
1639 4397 1759 4470 minor.
1813 4396 2002 4470 Dolendum

541 4533 690 4604 maxime
707 4527 805 4602 vhooc
842 4539 953 4600 cutem
992 4529 1102 4602 solam
1136 4529 1280 4620 adesse,
1315 4527 1453 4601 ossibus
1478 4549 1586 4618 vero,
1620 4551 1705 4624 quoe
1739 4529 1780 4602 alr
1807 4552 1848 4602 ea
1875 4531 2006 4606 incluso
2069 4571 2072 4583 =

544 4675 658 4760 erant,
687 4690 751 4741 nos
779 4689 911 4740 carere.
963 4665 1049 4737 Nom
1080 4687 1145 4762 pes
1169 4671 1384 4741 accessorius
1409 4665 1539 4739 duabus
1566 4687 1612 4739 ex
1638 4671 1749 4740 causis
1775 4669 2007 4742 memorabilis

544 4814 609 4878 est.
658 4802 807 4876 Primum
834 4803 925 4873 eninr
950 4799 1049 4875 sedet
1074 4800 1174 4893 loco,
1201 4807 1256 4896 qui
1283 4803 1431 4901 scapulis
1457 4806 1628 4900 posterior
1654 4812 1726 4895 est,
1748 4804 1945 4898 quibuscum
1972 4807 2008 4876 in

542 4941 725 5017 notomelis
768 4941 967 5039 plerumque
1007 4939 1118 5037 pedes
1154 4961 1434 5036 supervacaneos
1468 4943 1657 5016 cohaerere
1690 4939 1860 5016 videmus.
1920 4938 2007 5010 Tum
