4716 5846
577 821 662 902 stra,
686 809 755 900 bat,
781 816 819 882 ut
841 829 917 880 cnm
944 805 1156 880 exuanttate
1179 799 1331 895 legitima
1353 798 1491 872 duarum
1527 797 1774 870 axtreuitatum
1806 799 2027 872 accessoriu-

578 969 652 1024 rum
677 944 864 1024 rudimenta
890 943 1065 1034 conjuncta
1093 947 1289 1036 appareant,
1316 935 1395 1010 inda
1419 931 1631 1006 manifestum
1648 953 1716 1006 non
1733 929 1893 1004 redditur.
1944 933 2025 1006 De·
2161 1019 2163 1024 ,

580 1084 766 1158 sideramus
793 1084 906 1175 itaque
929 1099 1039 1151 novas
1059 1077 1156 1168 hujus
1182 1079 1320 1170 generis
1346 1072 1621 1154 observationes,
1647 1063 1768 1162 quibus
1790 1069 1885 1140 usuri
1911 1088 2028 1164 expe-

580 1213 769 1312 rientiaque
803 1214 889 1288 duce
924 1214 1120 1288 conabimur
1153 1201 1337 1310 explanare
1372 1208 1530 1297 modum,
1560 1225 1626 1301 quo
1651 1201 1758 1300 pedes
1782 1203 1935 1300 triplices
1961 1207 2028 1278 orti

579 1355 656 1426 sint.
706 1350 814 1424 Nimis
845 1358 976 1422 temere
1000 1371 1106 1442 agere
1132 1351 1167 1422 in
1193 1345 1395 1443 explicanda
1427 1365 1467 1416 re
1492 1350 1558 1414 tarn
1583 1341 1683 1433 gravi
1708 1336 1806 1411 uobis
1829 1341 1858 1411 is
1883 1337 2028 1422 vitatur,

579 1489 694 1586 quiin
721 1494 853 1560 vastum
880 1483 1150 1578 conjecturarum
1170 1503 1299 1576 aequor
1324 1499 1364 1550 se
1391 1477 1500 1573 abripi
1520 1477 1590 1568 jam
1617 1491 1706 1542 nunc
1732 1472 1870 1563 patitur.

583 1836 715 1928 ludex
752 1843 1038 1924 monstrorum
1075 1827 1326 1950 duplicium,
1371 1857 1479 1948 quae
1517 1828 1560 1919 in
1597 1829 1843 1920 collectione
1885 1843 2033 1919 nostra-

1033 1982 1268 2070 nnatomica
1298 1994 1578 2072 asservantur.

682 2306 784 2382 Addo
818 2310 1091 2382 commentationi
1124 2306 1168 2380 de
1201 2309 1379 2394 monstris,
1423 2305 1543 2401 quibus
1575 2307 1809 2378 extremitates
1839 2301 2031 2400 superfluae

582 2461 770 2536 suspensae
796 2451 886 2532 sunt,
910 2441 1054 2514 indicam
1083 2449 1311 2514 monstrorum
1338 2440 1531 2536 duplicium,
1557 2463 1645 2535 quae
1671 2441 1705 2512 in
1733 2438 1936 2514 collectione
1960 2461 2032 2514 no·
2112 2541 2117 2546 .

580 2585 650 2648 stra
676 2581 864 2651 anatomica
891 2585 1121 2665 asservautm,
1146 2578 1236 2648 notis
1265 2583 1300 2648 at
1322 2577 1504 2648 succinctis
1528 2574 1807 2672 descriptionibus
1821 2575 2032 2648 illustratum.

583 2710 824 2806 complectitor
847 2710 939 2809 haec
958 2708 1170 2782 collectionis
1195 2731 1287 2806 pars,
1313 2711 1426 2782 missis
1441 2711 1612 2797 monstris,
1638 2730 1724 2803 quaa
1741 2709 1857 2802 digitis
1883 2717 2033 2782 tantum-

584 2844 687 2918 modo
721 2843 898 2940 superlluis
931 2842 1083 2940 praedita
1118 2841 1235 2934 erant,
1260 2843 1334 2938 plus
1361 2851 1495 2916 centum
1520 2863 1662 2916 numero
1688 2843 1919 2941 exemplaria,
1945 2866 2033 2940 quae

584 2983 618 3052 in
645 2980 798 3054 ordinem
825 2978 867 3050 ab
890 2980 921 3052 J.
948 2977 1166 3073 Gaoffroy
1192 2977 1441 3052 St-liilaire
1468 2981 1676 3073 propositum
1701 2979 1862 3072 redigere
1879 3001 2034 3054 conscu-

583 3126 718 3188 taneum
744 3113 843 3188 uobis
871 3113 1024 3200 videtur,
1058 3123 1095 3185 ut
1119 3110 1269 3186 fabricae
1299 3113 1481 3186 morbosae
1508 3113 1762 3188 diversissimae
1788 3113 1909 3187 melius
1932 3124 2036 3211 pate-

584 3260 641 3324 ant
668 3257 702 3323 et
729 3251 831 3321 certis
856 3248 1046 3321 nominibus
1071 3248 1225 3322 breviter
1245 3250 1417 3344 designari
1446 3252 1587 3348 possint.
1639 3250 1748 3326 Simul
1773 3273 1820 3324 ex
1851 3248 1915 3322 bno
1946 3271 2036 3324 enu-

585 3389 773 3460 meratione
804 3358 1015 3486 frequentiae
1047 3390 1132 3460 ratio
1160 3389 1404 3481 cognoscenda
1430 3400 1503 3481 est,
1542 3411 1628 3485 quaa
1657 3391 1746 3460 inter
1769 3387 1886 3461 barum
1901 3386 2037 3482 vdelor-

584 3525 737 3596 mitatum
770 3521 913 3596 familias
946 3532 980 3596 et
1013 3523 1356 3618 generaintercedit.
1407 3525 1735 3617 Desuntnobis,ut
1763 3525 2035 3621 exemplantur,

588 3665 738 3731 monstra
764 3656 893 3731 duobus
918 3656 1084 3730 umbilicis
1110 3666 1144 3731 et
1168 3657 1324 3733 funiculis
1350 3660 1523 3757 praedita,
1551 3681 1597 3732 ex
1622 3683 1687 3756 quo
1715 3683 1845 3754 genere
1873 3660 1974 3733 Otto
2000 3661 2035 3732 in

586 3811 650 3864 suo
673 3793 787 3866 indica
820 3796 909 3866 inter
943 3813 1105 3867 numeros
1126 3789 1199 3862 203
1227 3815 1327 3866 unum
1363 3805 1626 3890 metopages
1658 3794 1807 3884 habat,
1841 3791 1865 3864 l.
1892 3815 1921 3864 c.
1957 3813 2037 3890 pag.

589 3925 660 3996 179
687 3948 763 4000 nro.
779 3926 866 4018 tut,
892 3925 943 3998 bis
971 3925 1086 4000 verbis
1111 3933 1277 3998 notatum:
1306 3933 1490 3997 monstrum
1516 3924 1694 3999 humanum
1712 3925 1837 4021 duplex
1851 3927 2036 4002 verticibus

587 4069 804 4147 concretum3
832 4063 979 4154 itemque
1008 4081 1163 4134 caremus
1195 4058 1473 4152 ischiopagis
1516 4056 1740 4151 exemplo;
1783 4077 1895 4150 nequa
1927 4061 2037 4148 magis

587 4201 623 4271 in
649 4215 767 4270 museo
793 4203 909 4266 nostro
935 4197 1102 4270 invenitur
1125 4190 1444 4290 synadelpbus,
1467 4188 1538 4284 jam
1560 4211 1677 4286 persa
1692 4193 1897 4264 rarissimus.
1948 4189 2035 4266 Fre·

591 4330 805 4426 quentissimu
833 4320 1023 4400 nostrorum
1046 4337 1271 4402 monstromm
1301 4321 1542 4422 syncephalica
1567 4332 1601 4396 et
1626 4332 1746 4398 trunco
1773 4324 1916 4418 simplici
1939 4328 2035 4421 capi-

587 4469 675 4542 tibus
702 4466 876 4563 duplicatis
900 4462 1051 4558 praadita
1077 4475 1154 4537 sunt
1174 4474 1208 4537 et
1233 4487 1279 4538 ex
1305 4467 1379 4561 ipso
1407 4463 1540 4550 ordine,
1565 4483 1631 4556 quo
1647 4463 2035 4558 altarumpraeparaturn

589 4615 666 4704 post
690 4603 831 4676 alterum
857 4598 1052 4692 insequitur,
1079 4617 1271 4690 cognosces
1286 4607 1423 4694 praeter
1437 4617 1478 4668 ea
1501 4617 1642 4688 genera,
1669 4593 1787 4689 quibus
1815 4593 2036 4692 Geniiroy

593 4739 865 4818 St-llilaire
897 4737 1032 4810 nomina
1056 4753 1120 4806 usu
1144 4735 1219 4805 trita
1243 4733 1421 4831 imposuit,
1457 4731 1687 4809 deformitates
1713 4753 1916 4838 occurrere,
1949 4755 2036 4828 quaa
