4716 5846
638 960 766 1036 Slmllis
799 970 852 1036 est
881 983 983 1034 ossus
1014 963 1050 1035 in
1085 983 1204 1036 museo
1238 960 1379 1036 soboles
1411 961 1660 1052 veterinariae,
1690 983 1777 1056 quae
1808 959 1986 1056 Ultrajeoti

535 1093 688 1186 lloretf).
744 1097 957 1194 Duplicitatis
989 1099 1024 1170 io
1059 1093 1211 1170 volucris
1244 1095 1333 1192 pede
1367 1095 1492 1170 obviae
1523 1095 1715 1192 exemplum
1750 1095 1850 1171 Otto
1885 1097 1983 1171 ollert

535 1253 612 1328 pag.
641 1233 715 1304 275
742 1255 804 1306 nro
836 1231 909 1304 473
936 1241 1119 1307 monstrum
1146 1231 1370 1326 gallinaceum
1394 1231 1483 1328 pede
1509 1231 1631 1305 dextro
1657 1231 1831 1328 prolllero.
1864 1225 1873 1238 '

636 1367 692 1429 llic
711 1363 924 1447 pullus'nuper
946 1367 977 1430 in
998 1367 1096 1429 lucem
1120 1366 1217 1427 editus
1240 1375 1361 1445 excepto
1382 1366 1457 1446 pede
1481 1367 1585 1428 dextro
1605 1375 1686 1428 recte
1700 1367 1902 1432 conformatus
1921 1379 1969 1432 est

536 1467 586 1530 illc
607 1469 833 1556 autem-mirum
861 1468 1059 1531 abundantiae
1082 1487 1175 1547 genus
1195 1468 1329 1538 exbibet,
1365 1470 1442 1546 qrrcd
1465 1466 1539 1545 legis
1562 1467 1657 1542 illius,
1682 1489 1737 1550 que
1759 1479 1895 1549 partes
1919 1491 1982 1536 su·

536 1573 707 1650 perfines
730 1573 924 1652 duplicem
946 1570 1115 1651 partium
1138 1569 1367 1631 normalium
1389 1579 1585 1632 numerum
1608 1588 1679 1632 nou
1703 1573 1895 1636 excedere
1916 1591 1984 1634 cre·

538 1673 647 1746 dimus,
671 1673 830 1736 notabilem
854 1672 1000 1754 quendam
1022 1673 1092 1734 lacit
1112 1671 1390 1750 exceptionem.
1436 1672 1523 1732 llrtus
1545 1671 1594 1733 bio
1618 1672 1713 1734 lemur
1741 1673 1829 1736 babet
1850 1675 1983 1756 simplex,

537 1777 741 1856 magnitudine
772 1796 829 1838 non
861 1777 1031 1838 inusitatum
1060 1783 1088 1836 et
1110 1773 1253 1853 singulari
1282 1792 1349 1836 osse
1372 1759 1560 1837 instructum.
1605 1775 1678 1837 Cum
1699 1777 1810 1838 leniore
1829 1779 1915 1840 solita
1938 1798 1985 1841 re·

537 1879 619 1939 done
641 1897 710 1940 crus
732 1879 920 1959 conjunctum
943 1887 988 1940 est
1010 1895 1140 1956 superne
1163 1876 1289 1956 simplex
1311 1885 1341 1937 et
1361 1876 1449 1955 duplo
1473 1877 1613 1950 crassius,
1637 1878 1668 1940 in
1690 1879 1786 1941 media
1801 1892 1898 1943 eutem
1920 1883 1986 1944 lon·

539 1979 672 2060 gitudinc
699 1982 802 2044 lissum
831 1990 861 2043 ct
890 1981 1098 2051 divaricatum,
1131 1978 1217 2060 cujus
1245 1981 1374 2042 exterior
1401 1997 1470 2058 pars
1497 1981 1616 2042 solitam
1636 1983 1731 2044 cruris
1754 1985 1987 2070 magnitudinem

537 2084 627 2146 babet
646 2094 675 2146 et
694 2085 725 2146 in
754 2085 862 2164 pedem
884 2085 1006 2156 bertolt,
1036 2083 1087 2164 qui
1108 2083 1206 2162 paullo
1231 2083 1370 2161 gracilior
1392 2101 1479 2164 quatu
1500 2083 1621 2146 sinister
1641 2085 1826 2160 ordinarius,
1855 2097 1984 2172 cetertqr

421 2183 424 2188 ’
539 2198 634 2250 eutem
664 2187 741 2250 bene
771 2189 952 2268 compositus
981 2195 1174 2268 etquattuor
1201 2185 1303 2265 digitis
1325 2185 1489 2248 instructus
1519 2197 1574 2248 est.
1618 2188 1700 2250 Alter
1721 2199 1790 2251 rere
1813 2191 1988 2272 etinterior

540 2290 635 2354 cruris
655 2279 754 2354 rarbus
782 2289 911 2353 crassior
939 2297 986 2351 cst
1014 2297 1042 2351 et
1069 2288 1207 2368 pedem
1236 2286 1548 2366 beptadactylum
1579 2290 1644 2352 lert
1690 2291 1712 2352 Ε
1741 2301 1855 2372 septem
1885 2295 1987 2375 digitis

539 2394 597 2456 duo
624 2394 783 2457 interiores
812 2391 936 2454 ballucis
964 2391 1088 2452 formam
1117 2397 1146 2450 ct
1174 2388 1275 2450 sedem
1297 2387 1425 2462 babent3
1448 2388 1503 2452 bos
1524 2389 1633 2469 excipit
1655 2392 1764 2471 digitus
1785 2397 1915 2458 secundo
1938 2398 1984 2459 in·

539 2507 634 2572 terno,
658 2517 717 2578 quo
739 2497 865 2576 gallinae
888 2503 1018 2566 utuntur,
1040 2491 1163 2566 similis3
1187 2491 1295 2553 deinde
1315 2490 1453 2572 sequitur
1475 2491 1586 2570 digitus
1609 2494 1732 2566 medius.
1753 2506 1856 2576 postea
1874 2499 1985 2576 digitus

538 2601 576 2674 is,
596 2599 646 2679 qui
669 2599 700 2659 in
722 2599 801 2678 pede
823 2593 973 2660 ordinario
995 2595 1125 2656 exterior
1148 2601 1210 2664 estr
1234 2593 1362 2674 denique
1382 2601 1535 2672 praetcrea
1556 2595 1586 2656 in
1609 2595 1701 2660 latere
1725 2597 1843 2661 interno
1865 2600 1923 2664 duo
1935 2603 1986 2666 alii

539 2701 623 2780 digiti
645 2709 760 2764 exstant
781 2699 929 2762 communi
952 2699 1014 2760 ossi
1036 2695 1186 2812 metatagsi
1205 2695 1411 2758 adhaerentes.

583 2935 612 3014 ‘)
633 2939 652 2996 l.
666 2955 759 3012 epag.
772 2939 823 2998 dtl.
862 2938 923 2996 Niet
943 2897 1059 2994 mindcr¹
1072 2936 1271 3011 merkwaardig
1290 2937 1312 2992 is
1329 2935 1375 2994 bet
1398 2945 1533 3009 gersamte
1555 2955 1605 2994 von
1628 2955 1694 2998 cene
1716 2941 1776 2997 duit
1794 2943 1832 2999 ult
1854 2943 1987 3004 betzelldc

624 3058 757 3110 museum,
779 3041 807 3097 in
834 3041 921 3100 welle
950 3058 1016 3099 eene
1040 3041 1223 3098 verdubbelde
1250 3049 1360 3098 voorste
1388 3041 1547 3097 extremitcit
1577 3057 1626 3098 ean
1656 3041 1709 3100 deu
1731 3052 1822 3116 regter
1841 3045 1947 3120 vleugel
1967 3047 1990 3105 is

626 3145 800 3220 aaugebecbt.
842 3147 942 3204 llcbter
961 3145 1013 3202 deu
1033 3161 1165 3219 gewonen
1189 3143 1294 3216 vleugcl
1316 3143 1339 3199 is
1361 3159 1390 3200 er
1412 3143 1538 3216 namelijlr
1557 3159 1606 3200 eeu
1628 3144 1748 3214 meede,
1771 3145 1857 3206 wells
1879 3150 1917 3206 uit
1938 3167 1990 3208 een

627 3248 792 3307 eleutelbcen
816 3248 919 3306 render
939 3248 1138 3305 schouderblad
1161 3264 1194 3304 en
1217 3249 1255 3304 uit
1278 3263 1327 3303 een
1350 3247 1564 3319 opperarmbeen
1588 3246 1704 3317 bestaat,
1725 3250 1843 3307 betwellx
1864 3254 1923 3309 zicb
1945 3255 1990 3313 be·

627 3354 816 3412 uedenwaarts
839 3351 981 3428 verbrcedt
999 3369 1033 3409 en
1064 3363 1117 3409 met
1145 3369 1229 3410 irenen
1253 3352 1406 3410 dubbeldcn
1428 3369 1553 3411 voorarm
1574 3352 1706 3410 verbtudc
1749 3352 1797 3409 Ellr
1818 3354 1877 3411 dier
1896 3373 1989 3415 armen

625 3459 730 3517 bestaat
758 3454 857 3513 slecbts
877 3455 915 3511 uit
946 3471 1012 3512 eene
1034 3453 1142 3527 ellepijp
1165 3429 1268 3511 zoridcr
1289 3453 1458 3528 spaaltbeen,
1483 3472 1516 3512 sn
1546 3455 1684 3529 verecnigt
1706 3455 1764 3512 xicb
1786 3467 1839 3514 met
1857 3475 1923 3517 eene
1946 3477 1990 3534 ge·

625 3559 740 3632 brekldg
758 3555 940 3615 cntwllllelde
963 3556 1111 3613 vcorband.
1155 3556 1223 3614 baar
1240 3571 1276 3614 nu
1298 3557 1333 3614 de
1353 3556 1517 3632 slagpenuen
1537 3557 1596 3614 zicb
1617 3569 1672 3617 ruet
1693 3560 1726 3618 de
1749 3577 1910 3620 voorarmen
1933 3583 1991 3622 ver·

626 3664 755 3732 biudeu,‘
774 3659 865 3718 wordt
892 3660 1022 3717 bierdoor
1052 3668 1078 3717 te
1106 3677 1184 3734 weeg
1209 3660 1337 3734 gebragt,
1358 3659 1402 3716 dat
1422 3677 1453 3716 cr
1475 3677 1525 3716 ean
1548 3659 1582 3718 de
1603 3661 1764 3735 regtcrzijde
1784 3663 1910 3738 eigenlijlr
1933 3665 1990 3724 drie

626 3769 746 3844 vleugcls
769 3767 831 3840 ziJ'n.
876 3763 944 3822 boae
966 3765 1073 3839 beugen
1091 3763 1234 3839 underling
1256 3774 1282 3821 te
1304 3780 1407 3834 temen,
1430 3765 1574 3837 eangeaicn
1589 3764 1622 3821 de
1639 3765 1816 3842 boventelligc
1830 3787 1991 3828 voorarmcu

627 3877 697 3934 door
725 3889 810 3932 eenen
835 3869 906 3928 band
935 3868 1079 3942 versenigd
1109 3867 1163 3940 zlJ'n
1192 3876 1247 3924 met
1274 3867 1325 3923 deu
1354 3883 1481 3923 roorarm
1509 3883 1558 3922 vau
1578 3865 1630 3922 deu
1647 3877 1775 3926 vcorsten
1797 3868 1910 3942 vleugel.
1954 3870 1992 3928 lle

626 3973 823 4047 rerdubbeling
844 3970 1027 4044 begi'ntrecds
1046 3985 1096 4025 aan
1116 3970 1164 4026 bet
1181 3968 1337 4037 borstbeen,
1358 3955 1387 4025 in
1409 3968 1587 4026 betwellxcen
1602 3967 1933 4043 lamvormiguitrteelsel
1946 3973 1990 4032 be·

627 4079 689 4152 wijs
710 4078 782 4152 geclt
803 4092 854 4132 van
874 4074 1007 4148 splitsiog,
1029 4073 1116 4130 welle
1139 4073 1197 4129 zicb
1219 4073 1317 4130 verder
1338 4088 1404 4128 over
1425 4072 1458 4128 de
1481 4081 1578 4143 groote
1600 4072 1751 4144 borstsplor
1773 4073 1905 4142 uitstrekt,
1927 4074 1993 4132 daar

630 4178 696 4235 dece
718 4179 777 4233 zicb
805 4187 859 4234 met
889 4193 955 4234 eene
983 4175 1177 4247 alronderlijle
1199 4193 1263 4249 pecs
1286 4177 1312 4230 in
1336 4173 1379 4230 ellx
1398 4174 1613 4246 opperarmbecn
1641 4175 1751 4247 inplent.
1794 4174 1858 4232 tttte
1887 4176 1991 4252 eleugcl

630 4279 704 4338 beclt
724 4280 919 4354 alzonderlijlc
945 4281 1067 4354 spieren,
1083 4280 1242 4338 bloetlvaten
1267 4294 1301 4336 en
1323 4293 1471 4347 xenuwen,
1491 4277 1578 4334 welle
1600 4277 1669 4334 allen
1688 4279 1826 4352 aann'ezig
1848 4279 1916 4352 siju,
1939 4291 1994 4340 met

630 4379 819 4456 uitzondcrlng
837 4399 887 4438 van
910 4383 962 4440 den
984 4383 1147 4441 uitstrellsr
1163 4400 1213 4440 ern
1236 4382 1287 4439 den
1310 4379 1400 4450 duim,
1429 4380 1514 4437 alleen
1537 4397 1586 4438 ean
1606 4381 1657 4440 den
1680 4391 1808 4438 roorstcn
1829 4382 1935 4452 vleugel
1956 4385 1991 4442 ei·

631 4487 694 4560 gcn.
738 4483 900 4540 lnweerwil
922 4485 1003 4540 dezer
1023 4485 1183 4558 voltcoijing
1205 4485 1253 4542 der
1274 4483 1402 4558 elangets,
1425 4485 1503 4541 miste
1525 4484 1617 4541 ecbtcr
1636 4484 1670 4542 de
1692 4484 1753 4540 dull
1772 4485 1816 4542 bet
1837 4502 1992 4563 vermogen,

630 4607 682 4648 ran
710 4588 769 4646 zicb
797 4588 825 4645 iu
848 4585 881 4643 dc
903 4585 978 4642 lucht
999 4605 1034 4660 op
1058 4597 1084 4644 tc
1107 4587 1203 4658 hellen,
1226 4587 1358 4644 doordien
1378 4587 1432 4660 bij,
1454 4605 1564 4662 wegens
1585 4587 1630 4644 bet
1648 4587 1779 4660 everwigt
1801 4589 1850 4644 der
1872 4588 1996 4666 bewecg·

632 4693 727 4750 krocbt
747 4709 797 4748 aen
821 4689 854 4746 de
884 4689 1061 4761 regterzijde,
1091 4689 1136 4746 bct
1166 4693 1299 4764 evenwigt
1322 4693 1376 4748 niet
1399 4691 1453 4746 lton
1476 4691 1613 4754 bewareu.
1657 4690 1799 4748 blisschieu
1822 4692 1862 4750 ael
1885 4695 1994 4752 daartoe

633 4794 687 4851 oolx
716 4793 749 4850 de
772 4789 1038 4865 t'egeoovergestelde
1062 4791 1161 4865 rigting
1176 4791 1225 4847 der
1247 4792 1426 4867 boventallige
1450 4792 1571 4867 vleugels
1593 4793 1638 4851 het
1657 4793 1721 4851 bare
1742 4795 1848 4855 hebben
1863 4797 1996 4872 bijgedra·

635 4913 701 4973 geu5
721 4895 755 4954 de
778 4911 844 4954 eene
864 4909 922 4950 was
943 4891 1070 4962 namelijll
1090 4909 1155 4948 naar
1174 4907 1266 4962 voren,
1289 4893 1322 4950 de
1342 4893 1441 4952 audere
1463 4911 1528 4953 naar
1550 4896 1675 4956 ecbteren
1697 4893 1792 4975 girigt.
