4716 5846
1083 723 1133 812 Ἃ

366 940 419 1016 ua
446 943 549 1030 enirn,
576 959 663 1032 qnae
689 958 790 1038 supra
817 939 862 1012 de
884 939 1048 1036 temporis
1075 934 1380 1025 ordinediximus,
1408 957 1473 1030 quo
1489 937 1688 1011 laminarum
1714 939 1826 1013 aldo-

367 1075 539 1178 minnlium
565 1073 717 1147 evolutio
742 1075 940 1148 laminarum
957 1073 1140 1148 dorsalium
1157 1071 1393 1146 formationem
1414 1075 1612 1166 insequitur,
1639 1077 1827 1168 incongrua

367 1219 446 1283 snut
471 1231 547 1281 curn
573 1209 728 1306 pedihus,
756 1211 811 1306 qui
837 1212 960 1304 singuli
987 1211 1115 1306 absque
1142 1206 1298 1281 columna
1318 1206 1503 1281 vertebrali
1529 1211 1572 1280 iis
1597 1209 1826 1306 respondente

366 1343 508 1418 obviarn
533 1348 683 1419 veniunt.
736 1345 870 1420 Sufficit
895 1368 982 1421 vero
1008 1366 1080 1418 rem
1107 1343 1208 1441 paulo
1235 1345 1426 1415 accuratius
1460 1345 1675 1441 perpendere
1710 1354 1746 1417 et
1768 1346 1827 1417 ia-

367 1481 436 1554 cile
463 1481 633 1574 intelliges
659 1482 921 1578 explicationem
943 1485 975 1555 in
1001 1489 1136 1577 promtu
1162 1500 1264 1569 esse,
1291 1501 1377 1572 quae
1402 1481 1595 1574 neutiquam
1624 1481 1827 1556 evolutionis

365 1618 467 1711 loges
492 1617 677 1714 impugnet.
730 1617 899 1690 Ponamus
926 1617 1061 1690 scilicet
1085 1619 1119 1688 in
1146 1613 1354 1707 germinibus
1379 1613 1444 1686 sibi
1469 1615 1641 1710 parallelis
1674 1625 1709 1688 et
1740 1639 1828 1712 pro—

366 1757 469 1827 ximis
495 1754 636 1826 laminas
651 1751 884 1826 abdominales
912 1751 977 1824 sibi
1003 1752 1184 1840 obversas,
1210 1752 1234 1820 i.
1260 1773 1291 1822 o.
1315 1749 1470 1822 laminam
1496 1750 1606 1824 dextri
1632 1750 1828 1847 emlrryonis

368 1912 445 1964 curn
472 1890 591 1961 dextra
618 1891 746 1962 sinistri
772 1887 971 1983 embryonis
997 1910 1041 1960 eo
1066 1904 1174 1980 nsque
1201 1905 1282 1958 esse
1309 1885 1466 1960 evolutas
1478 1937 1490 1973 ,
1517 1897 1552 1958 ut
1577 1891 1826 1960 extremitatum

356 2028 474 2123 prima
496 2027 641 2096 stamina
667 2028 703 2096 in
729 2028 771 2097 iis
795 2033 871 2098 nata
896 2027 975 2114 sint,
1000 2033 1069 2096 turn
1097 2027 1193 2094 certe
1218 2021 1342 2117 pedum
1370 2021 1520 2095 evolutio
1536 2031 1649 2118 potest
1664 2022 1828 2118 progredi

259 2187 265 2194 ·
366 2159 551 2236 secundum
579 2181 659 2233 suas
684 2160 823 2254 regulas
847 2159 1014 2252 siquidem
1040 2159 1277 2232 nntrImentum
1300 2161 1532 2230 necessarium
1560 2157 1604 2229 ad
1630 2179 1690 2230 eas
1717 2156 1828 2230 addu-

366 2300 465 2387 citur,
489 2305 686 2389 quamquam
706 2295 865 2384 laminae,
892 2318 911 2366 e
939 2295 1059 2388 quibus
1083 2301 1180 2367 ortae
1205 2301 1295 2380 sunt,
1322 2295 1417 2386 ipsae
1443 2291 1827 2388 perfectiorisggraalum

357 2453 533 2527 nunqnam
568 2429 806 2525 adipiscuntur.
873 2431 992 2526 Neque
1027 2425 1300 2502 obliviscendum
1335 2435 1388 2498 est
1420 2427 1529 2524 pedes
1562 2425 1751 2522 superfluos
1793 2429 1829 2500 in

368 2567 472 2642 dorso
496 2568 695 2664 plerumque
726 2565 863 2640 mutilos
900 2575 934 2637 et
970 2565 1144 2638 dillormes
1178 2583 1271 2635 esse.
1324 2563 1432 2649 Quum
1459 2583 1561 2658 supra
1587 2565 1827 2658 exposituma

365 2702 466 2776 nobis
491 2705 554 2794 sit,
587 2681 817 2797 qna⁰ratione
843 2705 878 2774 in
904 2703 1101 2776 universnm
1128 2698 1236 2797 pedes
1264 2700 1414 2771 oriantur
1438 2700 1625 2792 legitimum
1649 2719 1827 2771 numerum

358 2839 592 2930 excedentes,
615 2842 651 2910 in
677 2838 745 2910 hoc
769 2859 851 2912 casu
867 2837 950 2911 nihil
967 2831 1172 2927 invenimus,
1198 2856 1264 2929 qno
1279 2834 1387 2929 pedes
1405 2838 1653 2932 supervacanei
1670 2838 1704 2906 in
1720 2834 1824 2906 dorso

366 2979 543 3071 conspicui
569 2973 797 3049 difficultatem
823 2946 921 3047 nobis
948 2974 1102 3048 offerant.
1152 2971 1241 3045 Nam
1265 2971 1362 3044 locus
1394 2970 1537 3068 pedibus
1563 2969 1782 3068 procreandis
1808 2991 1829 3040 a

363 3121 484 3186 natura
518 3110 705 3215 destinatus
736 3116 771 3183 in
806 3110 909 3185 dorso
945 3119 999 3184 eet
1035 3120 1070 3183 et
1096 3108 1162 3180 lrac
1187 3130 1226 3180 re
1245 3108 1456 3205 potissimum
1484 3106 1640 3180 differunt
1675 3115 1826 3181 monstra

364 3247 539 3322 notomela
565 3271 585 3320 a
611 3247 844 3341 gastromelis.

539 3983 549 3996 “
675 3965 1520 4064 w.uEPlGoMELls

359 4239 364 4244 -
469 4195 619 4270 Diversa
651 4202 853 4290 praeparata
892 4194 1083 4266 anammica
1116 4192 1160 4265 ad
1185 4191 1348 4264 fabricam
1373 4199 1600 4264 monstrosam
1627 4191 1830 4285 pertinentia

362 4353 467 4426 ,quum
493 4329 748 4428 perlustrarem,
775 4351 861 4426 qnae
885 4329 916 4401 J.
943 4327 1008 4400 Fr.
1030 4329 1210 4405 llleclrel
1231 4331 1267 4401 in
1293 4309 1378 4402 ¹irasc
1400 4326 1544 4423 quodam
1570 4324 1694 4420 majori
1719 4327 1830 4402 colle-

370 4478 468 4558 gerat
493 4476 530 4540 nt
554 4475 678 4562 postea
702 4470 892 4540 accuratius
917 4469 1213 4558 examinarentur,
1247 4464 1376 4538 foetum
1404 4462 1673 4559 hemicephaluur
1705 4464 1828 4537 huma-

369 4625 449 4676 num
475 4607 610 4701 reperi,
644 4606 699 4692 cui
731 4625 794 4700 pes
828 4605 947 4676 tertius
978 4605 1014 4676 in
1047 4605 1191 4696 regione
1219 4601 1343 4674 sacrali
1369 4619 1556 4695 suspensus
1583 4609 1666 4671 erat.
1719 4600 1828 4686 Quum

367 4739 459 4812 lrnuc
485 4741 650 4836 tripodem
676 4739 897 4814 laetabundus
924 4749 1147 4814 monstrarem
1171 4739 1233 4810 Dri
1258 4735 1425 4829 dloser,
1453 4740 1508 4831 apri
1525 4738 1734 4833 prosector-is
1750 4755 1830 4804 mn-

367 4895 454 4966 uus,
489 4897 555 4970 qno
582 4884 616 4949 et
641 4877 744 4951 hodie
771 4874 1050 4972 iungitur,le
1082 4883 1161 4949 nuto
1186 4871 1349 4948 lleclrelii
1382 4872 1510 4946 obitum
1544 4876 1653 4945 annis.
1672 4870 1824 4964 suscepit
