4716 5846
421 967 478 1028 lae
508 972 545 1028 et
573 947 1097 1044 eplatropbeus‘utriusque
1126 961 1327 1025 columnae
1347 965 1593 1030 ·rertebralls
1617 969 1756 1032 coeliti
1778 979 1875 1044 suut,

421 1057 1033 1145 caaalempromcdullasimplicem
1069 1063 1337 1128 continentes.
1383 1067 1492 1130 Atlas
1521 1051 1616 1132 lieet
1649 1071 1879 1152 duplicatus

418 1171 568 1233 atlante
595 1169 799 1232 ordinario
827 1166 887 1229 rix
912 1167 1051 1238 latior,
1083 1168 1215 1228 toramen
1241 1168 1377 1247 occipitia
1406 1179 1563 1250 angustum
1593 1173 1774 1240 alateribus
1795 1201 1877 1245 cum-

419 1289 566 1352 pressum.
612 1273 747 1335 'l'ertla
769 1271 958 1334 vertebra
981 1271 1190 1351 utriusque
1212 1271 1350 1350 spinae
1371 1275 1572 1353 contigua,
1603 1295 1657 1356 qua
1681 1281 1792 1344 canalis
1814 1299 1879 1348 me‘·

421 1373 545 1437 dullaris
568 1373 726 1454 duplicitas
753 1391 871 1453 quoque
891 1371 1022 1449 incipit.⁴
1048 1372 1147 1433 l¹edes
1169 1373 1346 1447 arrteriores,
1369 1374 1421 1455 qui
1444 1394 1462 1436 e
1484 1377 1699 1442 lacietboraci's
1712 1387 1878 1460 posteriore

417 1477 605 1564 proveniunt.
627 1475 811 1556 scapulas
832 1475 1182 1548 babenteonnatas
1205 1495 1287 1538 cum
1308 1479 1421 1556 spina
1444 1481 1565 1542 media
1587 1489 1617 1542 et
1634 1485 1877 1555 caritatibus

305 1623 308 1630 ·
419 1578 710 1642 articularibus
733 1577 941 1659 sejunctis,
964 1595 1086 1658 quarum
1109 1587 1232 1658 utraque
1255 1597 1341 1642 suum
1361 1581 1517 1644 humerum
1540 1583 1664 1662 excipit.
1700 1587 1807 1650 blirum
1822 1593 1879 1671 igi-

419 1691 470 1745 tur
492 1681 523 1744 in
546 1680 726 1744 bocscelete
749 1691 815 1761 post
837 1682 1037 1749 vertebrarum
1060 1681 1128 1742 colli
1152 1681 1339 1759 superiorum
1362 1683 1600 1762 conjunctionem
1624 1687 1787 1753 insecutam
1811 1713 1878 1757 esse

419 1784 701 1864 leresymbranbias
724 1783 888 1862 vestigium.
903 1815 944 1828 --
964 1783 1086 1861 insigne
1106 1782 1186 1845 reri
1210 1785 1438 1864 deradelpbi
1460 1769 1611 1865 exemplar
1621 1787 1658 1848 ab
1671 1790 1727 1851 bor,
1745 1804 1877 1860 monstro

357 1939 364 1952 .
418 1888 535 1950 sistitur
549 1889 591 1949 de
604 1905 662 1968 quo
685 1905 781 1960 casus,
806 1887 855 1967 qui
879 1885 1058 1948 antecedunt
1079 1892 1110 1946 et
1131 1886 1339 1966 insequuntur,
1362 1885 1456 1966 magis
1478 1896 1565 1968 atque
1587 1892 1681 1968 magis
1698 1893 1877 1977 discrepant.

522 1990 571 2051 3³.
594 1988 719 2051 34:35.
764 1989 918 2051 Sceleta
947 1988 1240 2068 pameliorum,
1271 2007 1345 2068 quae
1368 1998 1508 2069 quantum
1532 1990 1695 2068 dijudicare
1717 1996 1786 2058 licet
1808 2019 1879 2080 pro-

419 2103 487 2173 pter
506 2093 616 2156 ablatas
639 2103 740 2172 partes
762 2093 880 2167 mellea,
903 2112 921 2153 e
942 2100 1170 2170 synotorum
1193 2110 1336 2171 genere
1356 2111 1423 2154 esse
1449 2093 1599 2156 ridentur.
1644 2093 1677 2157 ln
1697 2099 1796 2177 priore
1813 2105 1878 2166 ani.

419 2195 514 2266 male,
538 2195 569 2255 in
591 2215 650 2276 quo
674 2196 807 2256 lauces
830 2194 990 2272 lupinae
1012 2193 1253 2272 conspiciuntur,
1275 2193 1392 2270 occiput
1416 2213 1475 2255 noe
1498 2195 1588 2257 nimis
1608 2196 1717 2271 latum,
1739 2221 1808 2266 ossa
1827 2225 1879 2286 μ.
1913 2186 1918 2196 ’

418 2297 532 2360 rietclia
553 2297 610 2360 eibi
634 2297 769 2370 obversa,
793 2307 895 2360 sutura
910 2295 1066 2375 conjuacta
1083 2296 1178 2364 ollcrt,
1202 2295 1258 2356 sub
1270 2295 1379 2374 quibus
1400 2315 1487 2358 ussa
1510 2309 1718 2376 temporum
1739 2309 1879 2372 aretis.

419 2402 520 2464 sitne
539 2399 866 2480 concretajarent;
888 2397 1081 2460 foramina
1104 2396 1339 2474 occipitalia
1363 2415 1504 2476 magna,
1527 2403 1626 2468 satis
1648 2403 1692 2466 ab
1713 2423 1753 2466 sc
1776 2407 1879 2473 inri.

420 2523 496 2568 cem
519 2504 681 2580 distant.
725 2502 886 2566 Columnae
907 2499 1109 2564 vertebrarum
1134 2493 1248 2571 rectae,
1272 2499 1302 2560 in
1323 2499 1414 2568 altera
1438 2506 1535 2562 tamea
1560 2503 1615 2566 sub
1636 2504 1725 2567 duem
1750 2508 1878 2576 thoracis

418 2627 580 2690 processus
611 2607 768 2686 spinosi
803 2606 877 2668 duu
907 2602 1065 2668 connati
1098 2610 1178 2672 sunt.
1223 2600 1352 2662 literius
1374 2600 1455 2665 suilli
1476 2603 1595 2682 occiput
1620 2606 1705 2673 latius
1728 2621 1757 2672 ct
1785 2615 1878 2694 magis

416 2709 591 2788 globosum
610 2709 719 2782 adeunt
736 2711 806 2771 item
831 2710 967 2772 lauces
991 2707 1154 2786 lupinae,
1179 2703 1314 2784 spinae
1334 2704 1520 2766 dorsales
1543 2709 1722 2776 morbose
1747 2713 1879 2788 iucur-

418 2819 546 2884 ratae;
570 2811 705 2874 inaltero
727 2829 943 2892 processus
965 2807 1122 2888 spinosi
1146 2807 1378 2886 superiores
1402 2811 1601 2886 synostesi
1622 2811 1750 2892 juncti
1773 2817 1879 2900 depre-

417 2911 596 2976 henduntur.
642 2913 764 2976 Tertius
786 2914 901 2986 laetus,
925 2921 994 2974 natu
1019 2911 1159 2973 minimus
1182 2927 1306 2989 eamque
1329 2910 1367 2994 ol)
1388 2929 1507 2974 causatu
1531 2912 1747 2994 imperfectior,
1770 2933 1881 2989 earet

417 3016 573 3078 lornice
595 3016 733 3090 cranii,
758 3025 937 3098 quopropter
959 3014 1070 3075 cavitas
1092 3011 1255 3074 cerebralis
1277 3032 1293 3072 a
1316 3011 1472 3089 superiore
1494 3025 1576 3106 parte
1599 3016 1766 3104 largissime
1790 3035 1879 3110 patet.

421 3120 560 3182 Cronium
583 3119 673 3180 latum
697 3135 756 3178 nun
780 3119 852 3210 satis
875 3127 957 3181 recte
977 3117 1099 3210 diteris,
1123 3132 1299 3196 quatnquam
1324 3115 1465 3176 foramina
1489 3119 1654 3200 occipitalia
1666 3124 1879 3208 aliquantulum

419 3221 531 3288 distant
550 3222 676 3284 alterum
700 3220 736 3282 eb
759 3220 862 3284 altero.
908 3221 1115 3302 Spinarum
1138 3220 1879 3311 curraturaymediocrisnullaqueeJusdeur

419 3325 579 3404 ancylosis.
1672 3323 1676 3333 ⁴

520 3443 576 3516 dd)
622 3445 749 3522 Agnae
772 3443 953 3521 duplices
975 3441 1227 3521 epigastriis,
1250 3442 1480 3518 pectoribus
1503 3453 1539 3504 et
1561 3447 1764 3525 capitibus
1787 3471 1879 3516 cou-

417 3552 547 3614 natae,
576 3563 650 3624 quas
671 3546 842 3624 accepimus
864 3547 941 3626 pelle
966 3547 1094 3608 detracta
1115 3553 1149 3606 at
1170 3543 1295 3624 pedibus
1317 3544 1458 3608 extremis
1481 3549 1616 3613 resectis.
1662 3551 1757 3631 Caput
1778 3553 1879 3628 latum,

417 3645 593 3726 praesertim
618 3647 647 3707 in
670 3647 806 3726 occipite,
828 3649 1015 3726 maxillae
1037 3649 1215 3718 obtusae,
1238 3647 1395 3720 breres,
1417 3649 1503 3710 adest
1526 3650 1673 3724 ilesunc
1697 3655 1818 3730 palati
1841 3659 1880 3722 in

419 3749 556 3812 dextro
577 3747 717 3812 latere.
761 3751 857 3812 dures
880 3751 1014 3814 laterales
1038 3727 1203 3816 normales,
1226 3751 1376 3812 aurium
1402 3749 1635 3814 coelicarum
1660 3757 1826 3836 vestigia
1848 3760 1880 3824 lu

419 3853 595 3932 occipite
626 3861 695 3914 sunt
723 3855 894 3936 conspicua.
939 3853 1165 3915 Deformitatem
1185 3867 1259 3914 -rero
1284 3851 1377 3914 multu
1399 3853 1543 3916 rariorem
1567 3855 1597 3914 iu
1621 3855 1785 3920 sinistra
1815 3881 1880 3941 pa.

416 3955 489 4023 lati
513 3955 597 4016 duri
622 3962 736 4033 parte
757 3955 1016 4030 obsecrabiar
1040 3975 1099 4036 quo
1123 3955 1202 4019 enirn
1225 3954 1291 4018 loco
1314 3963 1442 4017 tumor
1463 3955 1671 4023 herniosus
1694 3979 1760 4038 per
1783 3981 1881 4044 mag-

418 4075 505 4120 nurn
526 4057 702 4128 toramen
728 4055 764 4118 in
786 4059 869 4127 oris
891 4079 1026 4127 aarum
1043 4058 1265 4130 deseendit,
1288 4058 1457 4122 membrana
1481 4057 1561 4120 tenui
1580 4057 1792 4136 circumdatus,
1812 4083 1881 4145 par·

419 4159 592 4222 tesmolles
616 4159 773 4222 continens
798 4170 826 4222 et
849 4157 1002 4241 usquead
1034 4159 1236 4240 epiglottidem
1263 4160 1421 4222 recedens.
1468 4159 1631 4242 (Numquid
1660 4161 1765 4226 berula
1795 4185 1879 4230 ccre-

418 4261 505 4338 bril)
549 4264 634 4326 lluuc
657 4272 793 4344 syuotum
816 4262 898 4328 lsaa
923 4266 1001 4330 douo
1022 4262 1220 4332 uubisdedit
1239 4262 1375 4342 beyer.

520 4385 577 4458 st>
621 4385 654 4448 ln
676 4385 783 4466 spiritu
804 4385 865 4448 rini
896 4403 1048 4448 servamus
1070 4382 1187 4446 telana
1207 4390 1418 4452 neonatana,
1441 4379 1575 4458 capite
1596 4383 1801 4462 simplice,
1823 4388 1880 4450 la-

419 4481 485 4546 bio
506 4485 691 4565 leporino
714 4487 840 4550 dextri
863 4485 1008 4548 lateris
1030 4495 1061 4550 et
1083 4485 1266 4548 saucibus
1287 4484 1441 4564 lupinis
1463 4483 1622 4564 duplicatis
1639 4487 1797 4567 deturpato
1812 4509 1878 4552 cura

418 4585 581 4650 auribus
609 4589 757 4652 duabus
786 4590 1046 4661 lateralibus,
1077 4587 1274 4668 regularibus.
1319 4587 1507 4651 'l’runcorutn
1540 4589 1620 4652 lusia
1646 4589 1682 4650 ad
1704 4593 1879 4656 umbilicum

418 4686 559 4768 pertinet,
581 4691 690 4766 pedum
712 4693 894 4772 anteriorum
918 4693 976 4756 dun
998 4692 1090 4772 paria,
1113 4709 1240 4780 qaorum
1262 4687 1387 4753 alterurn
1410 4691 1441 4754 in
1464 4691 1555 4754 tatere
1575 4690 1672 4764 laciei,
1696 4695 1821 4757 alterurn
1843 4696 1875 4760 in

418 4790 513 4856 latere
535 4790 671 4868 recipitis
702 4803 734 4858 et
763 4795 821 4860 boc
842 4797 962 4878 quidem
982 4797 1049 4860 loco
1071 4796 1158 4876 paam
1181 4779 1324 4858 ildericus
1345 4793 1502 4858 inscrtum.
1547 4794 1592 4882 ab
1613 4795 1755 4857 umbilico
1775 4805 1881 4875 partes

420 4892 518 4960 uacci
538 4893 721 4973 portuum
743 4907 813 4962 suut
832 4899 981 4965 normales
1000 4907 1032 4964 rt
1051 4897 1212 4980 mjunctaa.

1616 4945 1669 5058 ⁷¹⁸
