4716 5846
360 853 573 927 transitoriae
607 853 704 946 qnasi
736 851 824 924 inter
856 853 932 942 illa,
960 855 990 926 si
1015 857 1197 948 graviores
1222 867 1318 945 sunt,
1346 861 1483 932 nomina
1509 881 1601 935 nova
1627 874 1811 938 merentur.
1893 836 1898 848 ⁸

360 987 479 1085 Neque
494 989 614 1063 desunt
640 996 787 1061 monstra
802 991 962 1064 nonnulla
978 999 1142 1065 structura
1160 995 1307 1066 maxime
1329 995 1506 1088 irregulari
1528 995 1685 1090 insignia,
1711 1021 1811 1096 quae,

361 1149 428 1222 pao
453 1105 533 1199 loco
561 1122 742 1216 collocem,
767 1125 901 1215 nescio,
927 1144 1037 1218 eaque
1063 1135 1219 1219 ιιιιιιιιιιιιι
1245 1125 1317 1200 lieri
1344 1135 1456 1224 potest
1479 1131 1596 1223 paucis
1620 1129 1736 1202 verbis
1764 1133 1810 1204 ita

361 1264 557 1338 describere
583 1262 729 1372 placuit,
765 1273 801 1334 ιιι
824 1262 866 1334 ab
891 1261 1113 1353 inuisoribus,
1148 1264 1265 1359 quibus
1298 1263 1386 1337 forte
1417 1262 1546 1336 similes
1579 1262 1809 1338 deformitates

360 1399 526 1494 colligere
554 1400 713 1490 contigit,
742 1394 982 1488 dignoscantur
1010 1404 1045 1468 et
1066 1399 1168 1469 novis
1189 1395 1474 1491 disquisitionibus
1502 1395 1725 1470 monstrorum
1752 1400 1809 1471 bi-

359 1535 466 1608 storia
499 1527 729 1627 amplificetur.
788 1527 864 1598 lluc
896 1526 1067 1601 referendi
1100 1537 1177 1602 eunt
1211 1534 1290 1625 agni
1315 1530 1482 1630 bicipites,
1509 1554 1649 1628 quorum
1676 1535 1810 1607 colum·

359 1690 425 1742 nae
445 1664 657 1742 vertebrales
681 1667 714 1736 in
739 1660 853 1734 medio
880 1660 982 1734 dorso
1008 1662 1208 1753 conjunctae
1223 1672 1311 1752 sunt,
1338 1687 1414 1736 cum
1429 1673 1544 1740 sterno
1557 1656 1713 1761 simplici,
1738 1690 1808 1763 pe-

361 1801 523 1897 dibusque
555 1807 697 1894 quatuor
733 1795 909 1869 ordinariis
944 1807 979 1868 et
1020 1795 1108 1891 pede
1142 1801 1329 1893 composito
1365 1804 1558 1896 posteriorc
1600 1805 1807 1875 accessorio.

358 1935 556 2010 Verendum
581 1943 694 2006 nmen
721 1954 790 2004 non
818 1942 869 2005 est
892 1954 955 2004 nos
982 1931 1217 2029 exemplorum
1244 1937 1352 2029 copiis
1380 1934 1494 2024 obrui;
1520 1943 1667 2007 monstra
1695 1933 1810 2031 dupli-

360 2075 425 2163 cia,
452 2094 539 2167 quae
565 2089 692 2142 novam
719 2065 882 2161 quondam
910 2075 1110 2141 structuram
1136 2067 1318 2157 exhibent,
1343 2091 1480 2165 semper
1504 2072 1653 2161 rariora,
1680 2069 1806 2142 confe-

359 2215 436 2282 rent
460 2209 571 2303 potins
598 2202 928 2299 ati-explicationem
956 2224 1095 2292 eorum,
1130 2225 1218 2298 quae
1241 2203 1375 2278 detecte
1398 2205 1549 2299 midam,
1577 2227 1689 2299 name
1717 2227 1802 2279 vero

358 2343 531 2437 bucusque
564 2363 610 2412 ex
642 2338 847 2412 evolationis
876 2337 1013 2410 historio
1049 2336 1214 2432 explicari
1246 2348 1442 2435 potuerunt,
1476 2343 1552 2435 quia
1584 2338 1805 2414 formationes

359 2501 428 2552 non
454 2485 591 2574 praesto
618 2484 707 2566 sunt,
734 2473 852 2567 quibus
877 2475 1038 2544 transitus
1062 2482 1209 2568 paratur.

458 2611 503 2686 llt
533 2615 567 2685 in
599 2611 664 2684 bac
696 2610 850 2683 doctrina
883 2609 976 2681 valet
1008 2618 1109 2682 vetus
1150 2607 1232 2680 illud
1265 2609 1409 2688 dictum:
1456 2613 1529 2686 dies
1570 2612 1659 2685 diem
1694 2612 1807 2685 docet
1936 2591 1943 2604 ⁶

357 2749 594 2824 Formatlones
625 2743 802 2818 nonnullas
838 2765 966 2838 easque
994 2743 1082 2816 band
1114 2747 1213 2817 nimis
1246 2745 1367 2818 faciles
1400 2769 1447 2819 ex
1475 2747 1681 2821 evolationis
1707 2749 1801 2843 legi-

357 2883 421 2959 bus
453 2882 610 2958 ridemur
641 2879 740 2954 nobis
775 2881 857 2950 satis
890 2877 1038 2954 feliciter
1066 2883 1101 2952 in
1134 2881 1248 2976 priore
1276 2886 1558 2956 commentatione
1581 2884 1801 2981 explicuisse,

359 3041 442 3118 quas
476 3026 715 3090 antecessores
754 3019 896 3087 inmotas
935 3015 1171 3112 reliquissent,
1212 3026 1311 3112 atque
1343 3022 1378 3091 in
1407 3041 1470 3115 spe
1501 3020 1667 3092 laetamur
1692 3042 1747 3110 ea,
1771 3027 1809 3091 nt

358 3179 445 3252 quaa
470 3163 611 3245 restent,
636 3175 698 3226 suo
725 3162 879 3247 tempore
905 3149 1053 3225 fortasse
1080 3155 1180 3226 etiem
1206 3151 1304 3226 nobis
1331 3155 1523 3251 explicandi
1549 3160 1648 3252 copia
1674 3157 1751 3248 bat,
1778 3159 1808 3228 si

361 3277 572 3388 experientia
606 3299 642 3362 et
675 3285 881 3362 sectionibus
914 3289 1047 3361 idoneis
1074 3287 1200 3384 adjuti,
1237 3288 1348 3362 denuo
1383 3290 1425 3362 ad
1456 3313 1542 3387 opus
1568 3291 1711 3384 aggredi
1734 3313 1804 3386 po-

359 3428 534 3500 fuerimus.

461 3559 614 3634 Monstra
647 3543 792 3655 duplicia
824 3559 1044 3632 bumanorum
1076 3561 1226 3633 foetuum
1259 3559 1360 3632 obvia
1394 3563 1429 3633 in
1465 3559 1667 3634 collectione
1693 3571 1808 3634 nostra

206 3764 212 3780 ,
358 3706 407 3771 tot
427 3719 569 3770 numero
594 3719 663 3769 non
689 3705 778 3786 sunt,
804 3703 884 3790 quot
909 3693 1062 3790 ejusdem
1084 3695 1299 3806 formationis
1325 3705 1473 3768 monstra
1508 3719 1529 3768 e
1555 3696 1701 3784 diuersis
1727 3697 1806 3766 ani-

357 3831 494 3906 malium
521 3833 724 3924 generibns;
753 3841 978 3914 monstrorum
1003 3829 1220 3902 bumanorum
1246 3853 1405 3904 numerus
1429 3830 1582 3904 sedecim
1608 3839 1680 3919 est,
1712 3852 1804 3925 qno-
1842 3906 1845 3914 ,

358 3989 431 4042 rum
462 3969 712 4064 quatuordecim
746 3967 789 4040 ad
822 3975 973 4040 monstra
1005 3963 1149 4062 duplicia
1182 3965 1334 4060 aequalia
1364 3968 1441 4039 sive
1481 3970 1623 4068 auws'pta
1663 3969 1729 4040 viri
1763 3967 1805 4040 cl.

360 4101 585 4202 Geoffrop
612 4079 669 4179 St
697 4102 871 4180 Hilairc
906 4105 1094 4199 pertinent,
1125 4099 1192 4174 duo
1211 4099 1252 4172 ad
1279 4100 1468 4196 inaequalia
1502 4103 1579 4175 sive
1611 4104 1802 4198 parasitica.

357 4239 451 4314 luter
476 4249 625 4316 monstra
651 4241 874 4348 mammalium
897 4239 1041 4336 duplicia
1067 4239 1303 4332 qninquaginta
1330 4247 1470 4333 metuar
1491 4235 1654 4310 babemus
1679 4257 1804 4309 novem

358 4378 550 4474 parasitica,
574 4399 714 4472 qnorum
740 4379 803 4449 tria
830 4377 1052 4469 gravissimas
1076 4371 1307 4446 deformitates
1328 4371 1502 4447 exhibent·
1552 4373 1680 4448 Avium
1703 4393 1807 4445 mon-

359 4521 428 4586 stra
461 4515 642 4608 parasitica
673 4513 772 4587 nobis
807 4513 1079 4610 frequentissima
1118 4522 1195 4588 sunt
1225 4522 1260 4585 et
1284 4510 1493 4585 multitudine
1518 4511 1623 4604 longe
1646 4518 1807 4606 superant

359 4655 509 4718 monstra
539 4646 693 4744 aequalia
721 4648 950 4746 (frequentiae
976 4651 1066 4722 ratio
1091 4677 1142 4703 =
1168 4646 1324 4746 24:10).
1376 4648 1473 4722 Rana
1507 4647 1679 4721 esculenta
1706 4667 1807 4718 mon-

359 4783 420 4856 stri
449 4781 590 4880 duplicis
615 4787 750 4858 unicum
775 4785 969 4882 exemplum
996 4809 1017 4858 e
1043 4785 1209 4882 reptilium
1236 4786 1348 4858 classe
1374 4791 1438 4856 est.
