4716 5846
832 923 878 998 11.
927 921 1164 998 lLbUSl'lllS
1189 921 1648 998 lURECONSUL'lORUbl
1673 920 1799 996 ORDO

587 1087 672 1162 duas
697 1100 922 1188 proposuerat
951 1093 1188 1186 quaestiones,
1222 1113 1360 1188 quarum
1387 1094 1500 1188 prior,
1536 1113 1599 1186 qua
1625 1091 1828 1188 postulatum
1855 1099 1929 1164 erat
1963 1099 2042 1182 „nt

587 1237 886 1322 exponeretur
911 1228 983 1299 vis
1010 1235 1137 1321 atque
1164 1226 1365 1300 effeetus
1391 1234 1615 1323 pactorum
1640 1229 1682 1299 in
1709 1227 2041 1318 constituendis

585 1345 671 1434 tam
698 1361 1052 1456 obligationibus
1079 1386 1201 1458 quam
1228 1362 1329 1436 aliis
1355 1359 1551 1436 iuribus“
1577 1361 1619 1434 ab
1645 1365 1796 1453 nemine,
1821 1359 1941 1450 altera,
1964 1383 2043 1458 qna,

587 1491 690 1594 idque
718 1501 851 1588 iterum,
878 1499 1005 1570 iussum
1034 1504 1126 1571 erat:

739 1668 857 1742 Juris
882 1665 1158 1744 reformandi
1184 1669 1294 1766 qnod
1317 1669 1479 1750 dieitur
1503 1669 1748 1770 principum
1777 1667 2043 1744 Germaniae

737 1802 973 1918 historiam
999 1809 1185 1904 exponi,

588 1968 632 2046 ab
658 1993 726 2046 nno
753 1982 849 2060 uerte
876 1979 930 2046 est
951 1981 1176 2069 pertractatu
1202 1977 1441 2048 oommentatio
1464 1984 1590 2066 autem,
1612 1995 1699 2070 quae
1714 1971 1845 2047 reddita
1863 1983 1916 2048 est
1933 1975 2041 2050 ordini

587 2127 701 2202 neque
719 2107 821 2182 ullum
838 2109 962 2182 lemma
989 2111 1024 2182 in
1042 2111 1152 2183 ironia
1176 2131 1260 2205 prus
1287 2133 1326 2184 se
1353 2109 1431 2199 lert,
1456 2115 1599 2207 primum
1617 2133 1661 2184 eo
1679 2113 1816 2184 nomine
1834 2111 1968 2186 ridetur
1983 2115 2043 2185 vi·-

587 2242 771 2340 tnperanda
797 2243 891 2335 aare,
914 2244 1005 2339 quud
1029 2267 1098 2320 non
1125 2249 1208 2319 satis
1234 2249 1415 2342 perspioua
1441 2248 1601 2341 exposuit
1624 2249 1699 2320 eius
1724 2256 1844 2320 auotor
1868 2267 1975 2340 nsque
2000 2245 2044 2320 ad

587 2389 721 2478 paetum
755 2379 985 2455 Passuviense
1019 2403 1062 2454 eu
1093 2403 1212 2478 paoem
1249 2377 1425 2475 religionis
1450 2385 1502 2454 ins
1530 2379 1736 2455 reformandi
1762 2381 2044 2474 quemadmodum

589 2515 759 2588 excultum
791 2523 827 2590 et
858 2515 1095 2613 amplilloatum
1129 2520 1185 2590 sit.
1245 2517 1341 2606 Quae
1376 2526 1488 2588 autem
1518 2521 1592 2588 eius
1626 2519 1834 2613 quaestionis
1866 2518 1901 2590 in
1931 2517 2043 2592 locum

587 2651 763 2727 substituta
794 2661 848 2726 est
871 2655 1034 2744 narratio,
1060 2675 1101 2726 ea
1128 2675 1194 2726 neo
1219 2673 1359 2750 prorsus
1387 2651 1511 2726 sullioit
1533 2675 1600 2726 nee
1626 2653 1781 2726 omnibus
1807 2657 1956 2728 numeris
1978 2655 2046 2729 ab·

589 2785 735 2863 solutum
767 2787 913 2862 studium
944 2788 1067 2887 prodit.
1128 2789 1216 2863 Dein
1244 2789 1438 2888 supersedit
1469 2797 1588 2861 anotor
1622 2789 1817 2885 explicare,
1852 2809 1935 2886 qnos
1968 2797 2047 2886 post

589 2947 710 3023 paoem
740 2923 1011 3020 Gnestpballoam
1034 2930 1301 3023 permutationes
1327 2929 1380 2998 ins
1410 2923 1488 2997 illud
1512 2923 1654 2997 subierit
1679 2932 1715 2996 et
1739 2927 1794 3019 qui
1820 2923 1886 2998 illis
1911 2924 1956 2998 de
1981 2947 2045 2998 re·

589 3050 654 3132 bus
678 3063 795 3156 scripti
819 3069 898 3132 sunt
925 3059 1022 3152 libri,
1052 3084 1171 3135 eorum
1196 3083 1241 3134 ne
1266 3063 1413 3132 maxime
1439 3061 1573 3155 qpidem
1599 3067 1742 3132 usitatos
1766 3061 1960 3155 inspexisse
1986 3063 2046 3134 ri-

592 3193 701 3268 detur.
752 3191 872 3288 Neque
898 3199 1062 3268 maiorem
1089 3195 1237 3268 adhibuit
1263 3195 1469 3290 diligentiam
1498 3205 1553 3268 aut
1572 3195 1694 3293 triplici
1708 3195 1757 3269 illi
1776 3195 1949 3270 eeclesiae
1973 3219 2046 3271 no·

591 3336 683 3404 strae
715 3327 923 3404 ordinandae
947 3323 1076 3406 rationi
1095 3331 1319 3429 explicandae
1340 3321 1397 3405 aut¹
1422 3335 1486 3405 iuri
1511 3331 1740 3426 reformandi,
1767 3330 1865 3428 quale
1894 3332 1960 3404 bne
1987 3341 2040 3406 est

593 3473 726 3559 aetate,
759 3466 995 3541 describendo.

693 3669 812 3770 ltaque
845 3675 1001 3772 quamvis
1029 3676 1133 3748 insint
1158 3676 1192 3746 ia
1218 3671 1356 3765 libello,
1391 3695 1479 3772 qnae
1513 3681 1570 3748 aut
1593 3671 1874 3747 mensuratione
1901 3679 1935 3748 et
1961 3695 2047 3771 per-

593 3809 784 3909 spionitate,
810 3821 867 3885 aut
892 3809 933 3883 ab
961 3809 1112 3886 sollertia
1139 3818 1173 3885 et
1197 3813 1443 3906 circumspecto
1471 3809 1596 3884 iudicio
1623 3810 1800 3884 videantur
1814 3808 1914 3882 leude
1929 3807 2047 3904 digna,

594 3963 664 4019 non
689 3947 796 4044 putuit
820 3954 935 4022 tamen
961 3944 1046 4020 ordo
1079 3949 1265 4044 praemium
1301 3950 1375 4018 sius
1409 3948 1539 4018 auctori
1562 3945 1712 4020 tribuere
1736 3945 1798 4018 sed
1816 3946 1962 4038 dignum
1989 3953 2047 4018 tn·

595 4099 674 4155 men
709 4099 785 4154 eum
817 4081 952 4174 babuit,
986 4085 1043 4180 qai
1075 4082 1210 4180 publice
1243 4083 1342 4158 studii
1378 4079 1516 4156 exhibiti
1541 4085 1678 4156 nomine
1711 4078 1865 4153 laudetur
1888 4091 1924 4154 et
1949 4101 2048 4176 quam

594 4216 741 4291 maxime
758 4215 978 4311 admonentur
1002 4228 1039 4291 ut
1064 4241 1162 4316 quom
1187 4241 1256 4292 nou
1282 4220 1357 4292 sine
1382 4239 1548 4294 suoeessu
1561 4218 1739 4309 ingressus
1764 4217 1810 4290 sit
1835 4217 2049 4310 ingeniomm

593 4349 815 4448 palaestram,
841 4374 917 4426 eam
942 4376 988 4431 ne
1012 4353 1129 4428 timide
1156 4352 1375 4452 derelinquat.

903 4623 964 4698 lll.
1017 4623 1252 4702 ennrloso
1279 4621 1558 4700 musicorum
1583 4621 1744 4698 ORDlNl
1781 4729 1786 4736 ι

595 4795 686 4872 nulla
718 4797 856 4871 omniuo
881 4796 1012 4872 reddita
1037 4806 1093 4870 est
1119 4800 1371 4872 commentatio.
