4716 5846
665 1089 784 1186 Neque
809 1112 878 1166 non
903 1055 1020 1164 uldmo
1040 1089 1119 1164 loco
1143 1090 1312 1187 reptilium
1340 1091 1678 1166 commemorabimus
1705 1113 1817 1184 casos,
1841 1096 1875 1166 in
1892 1091 2010 1189 quibus

562 1225 671 1323 pedes
698 1226 854 1322 duplicati
881 1234 1007 1298 essent.
1059 1227 1177 1299 Ranae
1199 1247 1273 1298 cum
1299 1225 1389 1322 pede
1419 1231 1531 1322 quinto
1557 1227 1600 1299 ad
1626 1227 1797 1324 scapulam
1813 1227 1919 1302 allixo
1940 1251 2011 1302 ex-

565 1361 709 1457 emplum
731 1383 752 1433 a
779 1358 1039 1456 Superville
1066 1362 1268 1458 descriptum
1295 1373 1330 1435 et
1354 1366 1389 1434 in
1413 1365 1506 1436 libris
1532 1363 1768 1458 taratologicis
1787 1367 1923 1460 saepius
1948 1384 2011 1437 rc-

560 1499 699 1596 petitum
725 1506 787 1570 est.
840 1493 1025 1569 Monstrum
1052 1501 1200 1570 raninum
1230 1501 1373 1594 quinque
1395 1497 1536 1595 pedibus
1562 1499 1747 1596 praeditum
1771 1499 1873 1574 Otto
1898 1497 2012 1592 babel,

561 1629 646 1706 Tab.
669 1631 801 1704 XXVII
824 1631 900 1726 Fig.
931 1633 963 1705 1.
993 1634 1160 1730 depictum
1185 1642 1220 1708 et
1234 1635 1296 1708 sub
1314 1656 1376 1708 nro
1393 1635 1465 1704 474
1492 1634 1761 1744 descriptnmbis
1784 1633 1910 1708 verbis.

664 1800 820 1863 Pelobataa
840 1801 915 1864 lusci
939 1799 1033 1864 nite.
1055 1801 1138 1880 copia
1160 1801 1232 1863 mibi
1256 1803 1329 1863 lacta
1352 1811 1406 1876 est,
1431 1803 1460 1863 in
1488 1823 1546 1884 quo
1569 1803 1672 1864 dexter
1693 1823 1745 1883 pes
1766 1805 1897 1866 anterior
1917 1803 2011 1883 gemi-

564 1915 666 1975 natus,
697 1912 827 1966 ceterum
855 1913 951 1966 autem
980 1902 1055 1964 bene
1078 1915 1263 1983 comparatus
1295 1913 1367 1966 erat.
1411 1905 1508 1967 Pedes
1531 1905 1647 1983 gemelli
1671 1914 1700 1966 et
1722 1906 1799 1967 inter
1821 1925 1854 1968 se
1876 1914 1905 1966 et
1926 1907 2011 1968 alteri

562 2006 704 2068 anteriori
730 2026 855 2088 prorsus
883 2005 997 2069 similes
1026 2016 1095 2068 sunt
1123 2008 1306 2090 eandemque
1336 2006 1528 2068 directionem
1553 2017 1582 2067 et
1609 2006 1753 2086 originem
1773 2007 1897 2078 bibent,
1920 2025 2011 2088 quum

561 2107 684 2190 uterque
706 2110 842 2190 scapulae
866 2109 969 2172 allinus
992 2111 1040 2172 sit.
1086 2112 1182 2186 Quum
1212 2111 1370 2190 imaginem
1393 2111 1683 2172 monstrirarissimi
1701 2109 1896 2181 exhibuerim,
1919 2127 2008 2171 accu-

561 2209 670 2272 ratiore
689 2213 889 2292 descriptione
910 2233 970 2274 non
993 2233 1067 2292 opus
1090 2223 1135 2275 est
1158 2223 1187 2275 et
1209 2216 1264 2276 boc
1287 2223 1400 2276 tantum
1423 2215 1539 2285 addam,
1562 2213 1654 2294 pedes
1676 2212 1808 2292 geminos
1831 2211 1903 2273 arleo
1927 2209 2010 2290 supi-

561 2323 645 2378 natos
669 2335 754 2391 esse,
784 2327 817 2378 ut
838 2318 901 2377 lere
928 2317 1038 2378 inversi
1069 2317 1226 2378 videantur
1254 2325 1283 2378 et
1304 2316 1416 2396 palmae
1438 2335 1556 2378 sursum
1580 2322 1723 2395 spectent.
1768 2313 1900 2376 internas
1923 2333 2011 2378 ranae

559 2427 660 2504 parles
683 2418 840 2500 exquirere
861 2439 917 2482 nec
938 2419 1141 2488 necessarium
1163 2421 1298 2495 videtur,
1329 2439 1384 2482 nec
1413 2419 1617 2492 conducibile,
1642 2436 1731 2500 quum
1753 2417 1937 2479 rarissimum
1959 2437 2010 2481 er-

562 2522 690 2602 emplum
712 2523 830 2585 laedere
852 2542 967 2586 verear.

663 2683 806 2752 Aestate
825 2682 902 2750 anni
927 2682 1099 2773 praeteriti
1122 2700 1226 2750 rana
1254 2675 1490 2748 esculento
1516 2678 1598 2748 viva
1625 2687 1659 2748 et
1686 2675 1808 2748 alacris
1825 2675 1922 2748 nobis
1942 2674 2010 2750 ob·
2049 2765 2053 2776 .

559 2813 625 2886 lata
650 2823 722 2906 est,
754 2836 840 2910 quae
877 2824 955 2886 octo
988 2805 1132 2886 circiter
1157 2811 1387 2884 hebdomades
1423 2813 1549 2883 muscis
1583 2815 1702 2883 nutrita
1728 2813 1763 2882 in
1799 2813 1888 2882 vitro
1913 2813 2009 2884 vixit.
2070 2900 2077 2914 ι

471 2995 478 3010 ·
560 2948 708 3041 insignis
742 2957 817 3020 erat
848 2949 937 3042 pede
966 2951 1157 3038 anteriore,
1190 2951 1346 3044 proxime
1379 2969 1469 3043 pone
1502 2945 1673 3018 brachium
1701 2949 1870 3018 sinistrum
1898 2947 2009 3019 insito.

560 3047 671 3176 liujus
696 3081 792 3178 pedis
813 3092 927 3178 portes
951 3092 1022 3154 tres
1049 3090 1143 3171 suut3
1168 3085 1275 3177 prima
1304 3105 1380 3152 cum
1406 3083 1546 3154 humero
1572 3084 1707 3154 sinistro
1735 3083 1923 3156 cohaerere
1950 3085 2009 3156 vi-

563 3205 679 3306 detur,'
714 3240 779 3312 quo
807 3240 893 3290 vcro
915 3217 1055 3293 brevior
1081 3225 1145 3305 est,
1175 3228 1363 3288 extrorsum
1392 3227 1427 3288 et
1452 3225 1634 3287 retrorsum
1664 3214 1830 3308 directus,
1858 3215 2010 3290 colorem

561 3352 719 3450 pallidum
746 3352 855 3442 offert,
884 3352 991 3448 qualis
1012 3357 1047 3425 in
1070 3355 1178 3426 latere
1196 3351 1399 3424 abdominali
1418 3363 1482 3423 est.
1533 3349 1617 3422 Pars
1637 3350 1786 3422 secunda
1807 3375 1880 3424 cum
1896 3357 2009 3450 priore

562 3488 721 3584 angulum
747 3497 878 3560 acutum
904 3488 1067 3579 formans,
1094 3488 1231 3560 dimidio
1248 3488 1382 3578 longior
1397 3496 1450 3560 est
1465 3510 1561 3584 quam
1579 3486 1818 3560 antibracbium
1845 3488 2009 3580 normale,

563 3636 773 3702 curvaturam
801 3623 939 3697 exhibet
962 3627 1069 3699 latere
1096 3643 1255 3702 convexo
1283 3633 1434 3695 truncum
1460 3630 1640 3716 tangente,
1674 3624 1803 3697 brunao
1830 3624 2009 3696 maculato.

559 3765 662 3842 Latus
689 3785 879 3837 concavum
907 3761 1051 3836 albidum
1077 3772 1129 3836 est
1153 3771 1187 3834 et
1209 3782 1316 3857 prope
1338 3757 1527 3854 juncturam
1554 3783 1629 3832 cum
1657 3761 1795 3832 bumero
1835 3763 2009 3834 constrin-

560 3908 669 3998 gitur,
696 3901 740 3975 ad
766 3899 935 3973 dimidiam
962 3899 1233 3982 crassitudinem..
1281 3897 1428 3971 Tertiam
1454 3907 1584 3993 partem
1610 3920 1672 3993 pes
1701 3900 1776 3972 sive
1803 3918 1921 4006 manus
1950 3893 2009 3968 ol-

560 4041 638 4127 iert‚
665 4039 739 4112 lere
755 4041 892 4110 omnino
907 4037 1088 4125 normalis3
1115 4059 1191 4107 nam
1218 4033 1299 4106 nibil
1324 4037 1438 4106 vitiosi
1454 4034 1556 4105 babet
1568 4043 1705 4128 praeter
1723 4032 1860 4123 digitum
1879 4049 2009 4098 socun-

562 4169 639 4241 dum
663 4175 762 4266 paulo
790 4171 997 4248 breviorem.
1048 4171 1115 4242 Pes
1142 4174 1275 4264 quintus
1301 4179 1439 4260 turgore
1466 4177 1500 4238 et
1526 4166 1649 4238 ambitu
1677 4175 1817 4258 quatuor
1843 4161 1918 4231 aliis
1942 4179 2009 4231 non

561 4303 664 4380 cedit·
715 4307 900 4382 Monstrum
926 4309 1134 4381 rarissimum
1160 4305 1334 4377 dissecare
1360 4301 1464 4374 nolui.

1135 4537 1453 4546 --——--———

663 4765 814 4840 llonstra
844 4757 987 4856 duplicia
1010 4761 1162 4859 perlecta
1184 4765 1237 4855 qui
1252 4707 1395 4859 respicit
1413 4759 1625 4856 symbracbia
1651 4761 1727 4830 sive
1753 4756 1928 4853 sympodia
1950 4755 2007 4830 al·

561 4907 651 4982 fecta
678 4915 777 4999 atque
803 4903 858 4996 qui
886 4903 1135 4970 extremitatum
1164 4895 1434 4989 conjunctionem
1452 4892 1770 4992 praeternaturalem
1794 4895 1827 4966 in
1843 4895 1896 4968 bis
1914 4913 2005 4964 con·

561 5048 710 5142 spicuam
737 5039 837 5137 paulo
861 5037 1050 5109 accuratius
1072 5033 1306 5124 investigarit,
1334 5035 1432 5105 etiam
1460 5034 1548 5105 siin
1575 5031 1935 5103 universumtbeoriaa
1961 5024 2004 5096 de
2093 5017 2095 5022 ‘
