4716 5846
387 893 475 960 lalcis
503 895 625 960 formam
657 895 781 975 adamae
809 903 890 958 sunt
935 893 968 958 ln
997 895 1165 958 alterius
1191 895 1310 958 rituli
1333 895 1466 957 erauio
1489 893 1652 976 duplice
1674 915 1765 964 ossa,
1784 919 1848 979 ay·

387 1001 578 1082 gamalica
599 1002 671 1062 duo
693 1019 761 1063 enm
781 1019 869 1062 osso
892 999 1051 1078 impari,
1071 999 1150 1080 quod
1172 1017 1260 1061 arcus
1282 998 1517 1077 zygomatioi
1541 999 1664 1064 locum
1687 1000 1849 1064 obtinet

387 1104 555 1186 cunjuncta.
578 1104 692 1166 orbitae
711 1111 808 1164 autam
828 1119 864 1162 eo
881 1102 1035 1181 sejunctae
1055 1109 1134 1164 sont

490 1219 548 1293 48)
569 1221 711 1282 Faetus
734 1219 916 1292 vitulini,
948 1219 1156 1292 immaturi,
1181 1219 1367 1282 sceletum
1394 1237 1474 1282 cum
1505 1221 1607 1283 facie
1636 1223 1847 1303 duplicata.

385 1325 492 1388 Omnis
513 1323 622 1404 spina
647 1321 821 1383 dorsalis
844 1321 1033 1400 regulariset
1053 1323 1230 1402 simplex,
1253 1321 1375 1386 sicuti
1399 1325 1487 1386 otium
1513 1326 1599 1406 ipse
1619 1329 1728 1392 atlas.
1766 1329 1844 1392 Utri·

388 1445 447 1509 que
469 1427 570 1490 cronio
590 1445 632 1487 os
654 1425 868 1504 occipitale
891 1425 1061 1502 simplex
1083 1434 1128 1486 est
1149 1434 1179 1486 et
1200 1424 1356 1502 regulus,
1392 1425 1457 1487 sed
1495 1427 1665 1491 edextra
1688 1442 1726 1494 et
1747 1432 1847 1494 sini·

387 1540 468 1594 stra
492 1536 602 1608 parte
625 1527 853 1597 conflatum,
878 1527 907 1587 in
933 1546 992 1606 quo
1014 1527 1185 1589 lorameo
1206 1536 1421 1605 angustum
1445 1529 1599 1606 potius,
1633 1549 1721 1612 quam
1746 1551 1847 1612 mag·

352 1636 358 1646 '
386 1648 482 1692 num.
529 1629 603 1692 Ossa
628 1629 799 1709 temporalia
823 1630 853 1690 iu
876 1629 1004 1709 capitum
1027 1630 1170 1696 lateribus
1193 1629 1250 1692 sibi
1274 1629 1408 1693 obversis
1426 1632 1763 1711 imperleetaeteoalita
1779 1637 1847 1700 nul·

387 1733 432 1796 las
456 1733 486 1794 in
510 1731 566 1794 boe
589 1732 654 1794 loeo
676 1733 806 1795 ailluisso
828 1752 916 1795 aures
937 1734 1083 1813 suspicari
1108 1734 1196 1796 nobis
1217 1735 1404 1813 permittunt

489 1851 547 1928 te)
592 1851 787 1956 See-letum
820 1871 999 1932 agnorum
1035 1853 1239 1933 capitibus
1262 1855 1411 1918 duobus
1440 1855 1725 1935 praeditorum,
1760 1863 1847 1938 eujus

387 1951 523 2017 columna
546 1953 719 2014 vertebralia
739 1953 863 2034 simplex
887 1961 917 2016 et
940 1955 1082 2018 normalis
1107 1965 1161 2018 est.
1206 1957 1381 2020 Craniorum
1404 1966 1550 2021 structura
1573 1960 1673 2022 eadem
1697 1962 1847 2025 invenitur
1893 2035 1896 2042 ¹

386 2068 474 2140 atque
496 2055 527 2118 ln
550 2057 653 2130 ritulo,
676 2075 763 2137 quem
788 2075 852 2119 nro.
876 2055 917 2118 45
940 2053 1187 2134 indicarimusl).
1308 2058 1312 2064 ’
1350 2057 1353 2064 ’

490 2169 546 2252 bll)
591 2177 631 2238 ln
654 2175 778 2256 altero
800 2192 986 2252 agnorum
1010 2173 1228 2254 duplicium
1252 2176 1423 2250 secieto,
1454 2177 1491 2238 in
1515 2198 1585 2258 quo
1606 2181 1735 2258 capita
1758 2200 1845 2242 coa·

386 2281 458 2344 lila
479 2280 604 2358 magis
625 2287 871 2356 convergunt.
916 2277 1050 2339 Bnllae
1074 2280 1317 2358 tympanicae
1341 2281 1490 2349 aurium
1511 2281 1752 2342 internarum
1776 2264 1846 2344 sunt

386 2384 615 2464 contiguae,
650 2389 782 2460 partes
819 2379 1023 2441 basileros
1057 2380 1415 2460 utriusquecranii
1446 2393 1674 2454 concretae,
1708 2384 1845 2448 laterales

387 2485 474 2558 duae,
499 2505 555 2546 una
578 2505 595 2545 e
618 2484 723 2565 quovis
745 2483 852 2562 capite,
872 2501 995 2563 squama
1016 2483 1183 2563 occipitalis
1206 2485 1275 2544 item
1298 2485 1435 2564 simplex,
1458 2487 1589 2552 toramen
1611 2507 1747 2568 magnum
1761 2489 1844 2551 valdo

386 2589 601 2664 compressum,
623 2595 779 2664 arrgustum
804 2595 831 2646 et
856 2585 985 2664 longum.
1030 2587 1104 2649 l‘rae
1127 2588 1236 2651 ceteris
1260 2609 1328 2651 vero
1346 2592 1499 2652 columnae
1512 2591 1687 2652 vertebralis
1697 2600 1843 2654 structura

386 2693 417 2754 in
441 2691 516 2753 collo
541 2699 571 2751 et
592 2689 875 2768 tlroracedignaest,
898 2708 974 2769 quae
990 2692 1249 2753 commemoretur.
1293 2691 1364 2754 llam
1389 2711 1549 2773 corpora
1573 2692 1845 2755 vertebrarum

385 2797 417 2858 iu
449 2791 571 2856 media
601 2791 702 2854 l‘aoie
731 2792 925 2853 inferiore
956 2792 1073 2864 lissa,
1112 2797 1282 2856 attamen
1304 2812 1346 2856 ex
1369 2803 1530 2876 utroque
1552 2795 1845 2885 laterearctis-

387 2901 485 2990 sime
514 2897 725 2978 conjuncta
760 2906 995 2977 subtusque
1032 2897 1074 2958 ad
1115 2897 1332 2959 vertebram
1370 2898 1605 2960 tboraoieam
1648 2897 1844 2960 decimam.

387 2999 425 3064 ln
447 3000 593 3061 atlante
615 3018 728 3062 arcus
750 3001 969 3064 anterioris
992 2993 1075 3063 loe'o
1098 3020 1150 3072 eo,
1171 3021 1230 3082 quo
1253 3001 1283 3062 in
1305 3001 1436 3064 foetibus
1459 3001 1541 3064 sanis
1563 3021 1597 3063 os
1610 3001 1738 3080 simplex
1751 3002 1844 3074 adest,

386 3103 456 3166 duo
480 3103 665 3169 lateralia
689 3111 865 3178 exstant,
902 3105 1117 3183 ligamento
1144 3105 1381 3167 intermcrlio
1403 3121 1584 3166 connexa.
1629 3103 1845 3182 liuplleationis

386 3209 504 3287 signum
526 3209 582 3270 boo
602 3209 651 3288 qui
676 3206 800 3287 respicit
818 3207 855 3269 ‹le
876 3209 980 3287 spinae
1003 3207 1131 3270 dorsalis
1154 3207 1387 3270 conformatione
1411 3225 1427 3267 e
1449 3205 1562 3272 duabus
1586 3189 1732 3267 columnis
1746 3216 1842 3267 verte-

385 3309 517 3373 brolibus
540 3309 701 3388 composita
726 3311 860 3371 dubitare
881 3328 940 3370 non
964 3306 1129 3390 potest”).

488 3443 539 3505 bl.
561 3442 611 3504 52.
637 3443 686 3505 53.
709 3443 760 3508 54.
806 3447 979 3520 Quatuor
1007 3444 1190 3507 babemus
1213 3445 1394 3524 integros
1416 3461 1553 3522 agnos,
1576 3441 1606 3502 in
1629 3459 1674 3520 sp.
1694 3460 1723 3502 r.
1744 3460 1845 3504 asser-

385 3553 478 3618 vatos,
498 3540 555 3626 qui'
571 3547 607 3608 ari
632 3545 871 3628 diprosopos
894 3547 1055 3626 pertinent,
1077 3546 1182 3625 capitis
1205 3556 1351 3609 structura
1375 3557 1407 3607 et
1426 3547 1534 3609 coalitu
1555 3552 1656 3604 mutuo
1678 3553 1776 3605 tamen
1797 3564 1845 3607 sa·

386 3649 424 3713 tls
449 3649 595 3711 diversos.
639 3649 672 3711 lu
698 3651 826 3728 primo
849 3659 1039 3720 monstro,
1063 3648 1233 3710 masculo
1256 3657 1293 3710 et
1315 3649 1448 3726 nigro,
1469 3647 1562 3708 duae
1583 3656 1693 3708 tantum
1716 3665 1843 3736 aures,

385 3753 438 3816 sed
462 3761 624 3834 quatuor
648 3751 756 3814 oculi
778 3752 989 3824 olrsormmum
1013 3752 1167 3813 sinistrum
1191 3759 1278 3830 eaput
1299 3751 1329 3812 in
1350 3752 1452 3812 dextro
1475 3751 1567 3812 latore
1589 3749 1699 3811 labio
1730 3751 1842 3831 lepo-

383 3858 473 3924 rino
496 3864 526 3916 et
546 3854 672 3934 palato
695 3855 796 3916 lisso
816 3854 953 3916 allectum
976 3861 1040 3928 est;
1063 3853 1217 3914 maxilla
1240 3852 1422 3932 superior
1450 3851 1730 3915 sinistrorsum
1753 3873 1842 3934 spe-

382 4007 695 4024 Ἣ

427 4093 457 4172 *)
501 4097 696 4156 lleelelius
718 4095 735 4154 l.
756 4115 781 4156 c.
804 4113 864 4172 pap.
889 4094 939 4154 7³.
962 4089 989 4174 ξ.
1011 4096 1097 4156 Llllll.
1119 4097 1173 4156 boe
1194 4097 1324 4156 sceletum
1345 4095 1499 4170 descripsit

426 4213 472 4292 “)
514 4221 621 4278 leuse
642 4235 774 4294 agnorum
797 4226 978 4274 neoralorum
1001 4217 1131 4274 sceletum
1154 4217 1227 4284 uidi,
1260 4215 1350 4290 quoti,
1383 4215 1417 4272 ml
1439 4213 1606 4289 diprosopos
1629 4216 1784 4290 pertinens,
1816 4217 1844 4276 ni

471 4325 552 4382 lallor
579 4323 847 4398 atlodymorum
871 4329 1034 4378 structuram
1063 4329 1206 4378 monstrat.
1248 4317 1331 4394 Spina
1353 4317 1433 4376 billrla
1450 4319 1537 4376 adluit
1565 4320 1591 4376 in
1615 4318 1714 4378 lumbis
1735 4327 1762 4376 et
1781 4336 1844 4378 osso

471 4443 558 4484 saoro.
602 4427 681 4496 Quod
707 4437 797 4486 autem
825 4442 876 4501 pro
902 4443 932 4484 re
953 4426 1111 4500 gravissima
1137 4423 1225 4482 babeo
1247 4441 1296 4497 pes
1316 4431 1358 4482 eat
1378 4421 1552 4496 superfluus,
1579 4423 1626 4496 qui
1648 4421 1694 4479 lrlo
1716 4421 1842 4480 lendium

473 4527 544 4600 pelvi
564 4547 713 4604 suspensus
735 4549 751 4588 e
772 4531 876 4589 temore
893 4539 920 4588 et
942 4547 1022 4587 crure
1045 4529 1203 4602 imperiecto
1225 4535 1348 4595 roostm,
1378 4525 1541 4601 quibuscum
1572 4541 1604 4583 os
1639 4525 1722 4582 caleis
1743 4525 1842 4599 duplex

473 4630 616 4700 cohaeret,
638 4643 758 4692 summo
779 4635 849 4708 pelle
870 4635 967 4692 iterum
990 4632 1121 4707 simplice.
1160 4631 1232 4690 Perle
1251 4632 1305 4690 boo
1326 4632 1439 4706 quinto,
1462 4633 1521 4706 ipso
1544 4647 1576 4688 ex
1594 4639 1671 4704 parto
1693 4629 1840 4703 duplicato,

473 4731 616 4792 exhibetur
636 4735 825 4810 duplirruonis
845 4747 1019 4796 monstrosae
1042 4738 1166 4813 signum,
1192 4736 1265 4812 quod
1294 4735 1360 4794 alias
1382 4737 1409 4793 io
1431 4734 1562 4794 monebis
1583 4732 1763 4808 rliprooopieia
1786 4745 1842 4786 non

473 4835 641 4896 obsmatuc
