4716 5846
632 823 775 898 llonstri
801 821 932 896 vitulini
958 820 1096 894 alterius
1123 821 1310 918 exemplar,
1337 823 1432 916 cnjus
1457 829 1692 922 praeparatum
1719 821 1822 896 Otto
1848 825 1883 896 ln
1908 821 1989 897 col-

530 957 679 1034 lectione
704 955 1061 1032 V'rotisloviensi
1083 957 1326 1031 asservandum
1354 958 1497 1047 curovit,
1521 955 1657 1052 (lignum
1694 963 1766 1048 est,
1801 958 1891 1052 quorl
1922 956 1990 1032 hoc

533 1097 612 1172 loco
638 1103 935 1184 commemoretur,
961 1095 1038 1186 quia
1062 1114 1125 1188 pes
1150 1096 1321 1190 posterior
1347 1091 1560 1188 semiduplex
1586 1094 1622 1166 iu
1647 1089 1756 1166 hestia
1781 1091 1893 1168 adulto
1919 1094 1990 1168 ob-

534 1241 691 1307 servatus
717 1240 779 1304 est.
833 1225 931 1302 conf.
960 1227 981 1299 l.
1007 1250 1037 1299 c.
1062 1249 1141 1324 pag.
1170 1227 1255 1299 274.
1307 1227 1550 1302 Monstrum
1577 1229 1750 1300 ovinum
1773 1228 1886 1324 pavle
1912 1251 1990 1328 po·

427 1419 430 1426 -
530 1370 729 1440 steriore
754 1367 948 1438 sinistro
975 1362 1280 1462 semiduplioe
1305 1365 1496 1456 insigne.

632 1501 743 1564 Lanius
764 1501 883 1582 quidam
905 1517 1062 1562 vervecem
1083 1508 1205 1572 emerat,
1230 1499 1314 1580 cujus
1336 1519 1390 1580 pes
1412 1499 1534 1563 sinister
1551 1499 1700 1580 posterior
1721 1499 1907 1580 semidupler
1926 1507 1990 1560 crat

532 1616 562 1668 et
585 1624 675 1686 quum
694 1605 802 1666 animal
823 1610 997 1676 mactasset,
1029 1601 1134 1680 pedem
1162 1601 1235 1664 mihi
1259 1603 1438 1683 apportavit,
1471 1604 1568 1665 lemur
1589 1611 1618 1662 et
1633 1619 1702 1664 crus
1724 1598 1870 1680 simplicia
1894 1601 1988 1664 luisse

531 1709 690 1770 affirmans.
735 1709 772 1768 At
792 1725 863 1767 vcro
887 1703 984 1766 cruris
1007 1704 1181 1766 interiorem
1203 1713 1317 1784 partem
1340 1707 1566 1786 semiduplicem
1588 1705 1692 1778 luisse,
1714 1705 1762 1766 vel
1785 1724 1801 1766 e
1823 1706 1888 1767 solo
1902 1705 1987 1787 pedis

532 1811 675 1890 superflui
699 1812 844 1888 adspectu
866 1815 996 1886 apparet.
1040 1807 1083 1868 Ea
1105 1808 1184 1868 enim
1207 1825 1287 1888 pars,
1310 1828 1367 1891 qua
1390 1823 1466 1888 utor,
1489 1810 1571 1872 solus
1595 1818 1731 1888 estnec,
1752 1807 1836 1890 cujus
1857 1817 1989 1888 astraga-

532 1915 579 1976 lus
606 1914 682 1976 heue
712 1913 855 1973 lormatus
885 1918 931 1972 cst
961 1908 1106 1988 etiamque
1137 1909 1227 1971 tibiae
1256 1911 1388 1974 adnexus
1418 1912 1483 1973 luit.
1527 1911 1683 1974 Praeterea
1705 1908 1804 1971 omuia
1824 1909 1895 1972 tarsi
1918 1927 1988 1972 ossa

533 2021 665 2086 exstant,
694 2032 750 2074 nec
772 2011 869 2074 deficit
888 2009 1015 2072 calcanei
1037 2029 1198 2089 processus
1221 2013 1338 2092 longus.
1382 2015 1423 2078 Os
1445 2015 1595 2076 metatarsi
1614 2014 1695 2094 justo
1722 2013 1841 2074 brevius
1866 2020 1895 2074 et
1917 2029 1987 2090 gra-

532 2118 620 2180 cilius
651 2125 697 2178 est
725 2123 755 2176 et
783 2113 814 2176 in
837 2114 912 2176 duos
944 2113 1053 2176 desiuit
1078 2116 1221 2195 condylos
1242 2117 1435 2192 rotundatos,
1459 2120 1508 2200 qui
1533 2116 1749 2198 superficiebus
1777 2115 1986 2178 articularibus

532 2231 643 2286 carent.
694 2219 821 2300 Digiti
852 2219 950 2281 enim
979 2237 1142 2297 prorsus
1172 2219 1464 2294 desiderantur,
1496 2239 1662 2303 quanquam
1685 2220 1745 2282 cuti
1769 2236 1804 2279 eo
1827 2219 1912 2291 loco,
1936 2217 1986 2279 uhi

531 2335 692 2386 extremam
713 2321 791 2384 ossis
816 2320 967 2384 metatarsi
989 2330 1103 2400 partem
1124 2321 1256 2396 obducit,
1281 2333 1469 2404 quattuor
1489 2323 1656 2404 ungulae
1677 2340 1817 2403 parvae
1839 2331 1867 2384 et
1888 2320 1989 2384 tlelor-

532 2446 594 2492 mes
615 2425 784 2498 adhaerent,
807 2445 881 2506 quae
904 2426 1001 2488 nullas
1021 2427 1183 2507 phalanges
1205 2427 1326 2490 hahent.

633 2579 756 2652 Paucis
782 2577 929 2673 denique
956 2579 1072 2652 verbis
1089 2579 1184 2653 vituli
1199 2583 1406 2654 mentionem
1423 2579 1527 2673 lecio,
1555 2603 1653 2678 quem
1681 2583 1756 2678 ipse
1783 2580 1987 2654 Drestlae

535 2714 627 2802 vidi3
654 2713 793 2804 ejusque
819 2717 854 2784 in
880 2713 1083 2786 collectione
1099 2714 1240 2790 scholae
1269 2720 1496 2790 veterinariae
1522 2740 1590 2791 non
1615 2717 1712 2788 adest
1736 2717 1803 2790 nisi
1819 2719 1989 2814 posterior

534 2850 688 2948 corporis
708 2867 788 2944 pers
815 2851 850 2922 in
875 2847 1040 2922 sceletum
1064 2850 1217 2928 redacta.
1268 2851 1309 2924 ln
1333 2851 1424 2949 pede
1440 2854 1579 2926 sinistro
1604 2851 1695 2928 nullu
1722 2862 1836 2926 exstat
1851 2851 1989 2951 patella,

617 3099 755 3168 verhindt,
783 3100 823 3156 uit
843 3117 894 3158 een
915 3100 986 3159 llein
1005 3101 1129 3175 dijebcan
1147 3115 1202 3163 met
1226 3123 1311 3164 eenen
1334 3107 1547 3184 cohelvoudigen
1570 3107 1686 3165 lrnollel
1709 3108 1813 3164 condor
1838 3107 1989 3179 liniesehijt,

619 3205 657 3264 uit
678 3220 728 3260 cen
748 3211 843 3277 longer
863 3205 1079 3280 scheeoheeutje,
1102 3209 1128 3264 in
1148 3209 1234 3283 plaats
1257 3229 1308 3268 vau
1328 3212 1465 3283 schootel,
1484 3215 1525 3271 uit
1546 3230 1596 3272 een
1610 3210 1778 3270 verdultbeld
1799 3209 1922 3270 hielheen
1936 3223 1990 3269 met

615 3325 701 3368 eeucu
729 3307 948 3382 welgevormtlou
978 3311 1193 3386 aolelvourligen
1220 3325 1359 3374 voorvoet.
1403 3315 1455 3374 llet
1483 3317 1602 3376 ‹lubbeld
1621 3315 1747 3374 hielbcen
1768 3315 1791 3372 is
1814 3315 1885 3373 door
1904 3333 1990 3375 conen

615 3413 687 3472 band
710 3421 765 3470 met
785 3414 830 3470 het
851 3414 1030 3489 cultelvoudig
1049 3417 1173 3474 hielhccn
1195 3435 1245 3476 van
1263 3421 1297 3478 tle
1320 3429 1430 3479 voorste
1451 3421 1611 3496 aohterpoot
1632 3419 1786 3492 verecoigtl.

660 3517 724 3576 Wat
751 3516 784 3574 de
813 3515 908 3574 weeke
937 3515 1032 3574 declen
1055 3517 1162 3590 hctrelt,
1186 3519 1266 3594 tttjtt
1287 3523 1327 3581 uit
1346 3523 1380 3582 de
1401 3522 1439 3598 hij
1466 3523 1502 3582 'do
1525 3521 1813 3594 tleeartcenij·school
1846 3523 1989 3597 gehouden

540 3601 543 3608 Ι
618 3621 864 3696 aaoteelteuingen,
893 3621 938 3679 dat
960 3621 993 3680 de
1016 3621 1151 3684 huitenste
1174 3624 1335 3684 darmheens
1358 3627 1482 3702 slagatlcr
1504 3635 1578 3684 ecrst
1600 3625 1780 3700 cnlelvoutlig
1806 3627 1845 3694 is,
1874 3641 1908 3682 eu
1931 3623 1990 3679 zioh

620 3726 671 3786 dan
703 3727 732 3782 in
760 3732 883 3796 tweeon,
917 3728 945 3783 in
972 3744 1039 3786 eene
1068 3738 1178 3786 voorstc
1208 3747 1241 3788 en
1269 3732 1403 3790 achterstc
1426 3731 1524 3806 splitst.
1568 3729 1605 3788 lle
1627 3739 1737 3787 voorste
1766 3737 1827 3802 gant
1856 3743 1922 3783 naar
1956 3725 1990 3782 de

617 3840 728 3887 voorste
763 3831 941 3903 aohterpoot,
977 3830 1055 3905 huigt
1088 3833 1147 3889 rich
1176 3833 1369 3892 achtertvanrts
1401 3851 1452 3892 nar
1483 3834 1548 3890 hare
1579 3832 1719 3888 luioholte
1751 3847 1813 3899 om,
1845 3846 1879 3887 eu
1900 3829 1991 3902 splitst

619 3928 677 3986 nich
691 3931 742 3988 dan
752 3933 779 3989 in
799 3937 912 3992 tweeen.
957 3931 993 3990 llo
1010 3949 1076 3990 eene
1088 3935 1132 3994 tali
1151 3945 1240 3992 vormt
1250 3935 1404 3994 devoorste
1419 3933 1603 3992 soheeohcens
1613 3932 1738 4005 slagader
1748 3947 1817 3986 voor
1833 3929 1866 3988 tle
1881 3939 1991 3988 voorste

621 4029 795 4106 aohterpoot,
823 4044 850 4094 tc
879 4035 985 4092 twaede
1007 4037 1079 4109 gaen
1100 4047 1127 4096 te
1149 4048 1220 4098 twee
1243 4040 1377 4098 aohterste
1400 4037 1585 4097 scheenheens
1608 4034 1747 4110 slagatlers
1774 4048 1844 4089 voor
1872 4042 1899 4091 te
1921 4043 1991 4092 twce

620 4130 761 4192 schnulels
784 4137 818 4194 al.
862 4138 899 4196 lle
921 4139 1057 4202 achterste
1080 4141 1241 4202 darmbeeus
1263 4141 1387 4217 slagatler
1409 4141 1501 4216 driugt
1522 4140 1593 4198 door
1615 4139 1648 4205 de
1671 4134 1849 4210 hoventallige
1872 4134 1991 4194 zitbeens

616 4235 765 4312 imnijding
779 4239 877 4310 heco,
909 4259 942 4300 on
971 4243 1091 4302 verdoelt
1114 4247 1173 4308 zieh
1195 4249 1223 4306 iu
1246 4246 1279 4305 vle
1301 4246 1337 4320 dij
1359 4262 1409 4304 van
1433 4247 1466 4305 tle
1488 4243 1623 4302 aohterste
1651 4239 1813 4312 aohterpoot
1840 4253 1873 4295 en
1899 4238 1927 4295 in
1957 4240 1991 4298 tle

620 4339 777 4400 voorvlalte
797 4357 847 4397 vsu
869 4343 1009 4402 dercelver
1030 4349 1167 4410 schenlel.
1211 4351 1359 4426 Negenoeg
1381 4367 1447 4408 even
1468 4349 1508 4408 als
1530 4346 1597 4404 deae
1620 4339 1810 4418 slagetlerlijlc
1828 4340 1990 4418 verdeeli'ng,

618 4440 643 4500 is
675 4441 730 4500 ook
765 4440 800 4500 tle
833 4445 1127 4526 zenon-verdeeliug,
1165 4454 1264 4512 zoodat
1301 4469 1332 4510 cr
1370 4461 1440 4510 twee
1462 4457 1692 4510 renuwstammcn
1715 4444 1785 4518 siju,
1808 4461 1933 4505 waarvau
1956 4448 1990 4506 tle

621 4561 689 4604 eene
716 4555 778 4619 pact
802 4543 872 4602 rloor
891 4543 925 4600 rlc
944 4545 1140 4625 boventallige.
1162 4555 1196 4613 de
1213 4557 1314 4614 audere
1335 4555 1405 4614 door
1425 4557 1459 4613 de
1479 4571 1595 4630 gewoue
1614 4551 1735 4610 zitlmens
1754 4551 1907 4630 iusnijding.
1952 4552 1990 4625 Zij

622 4649 765 4710 verdunen
788 4651 847 4708 rich
868 4649 896 4706 in
919 4649 953 4708 de
973 4649 1053 4708 loeirle
1073 4666 1184 4726 pooten.
1228 4658 1343 4734 Spioreu
1365 4659 1419 4732 siju
1439 4677 1470 4720 er
1489 4659 1517 4718 iu
1540 4655 1654 4726 beiden}
1678 4655 1722 4714 die
1743 4671 1795 4714 van
1826 4657 1860 4714 tle
1888 4655 1990 4716 aohter-

618 4763 659 4816 stc
679 4755 733 4830 siju
753 4756 845 4816 echtcr
863 4766 939 4812 mcor
960 4751 1138 4820 cutwilrkclvl.

1705 5475 2312 5798 ,ΛΑ
