4716 5846
415 937 546 1008 luerim·
563 934 669 1016 motat,
687 934 841 1005 atomos
859 939 917 1000 art.
960 933 1064 1003 Genus
1085 951 1242 1007 mantne,
1262 933 1424 1010 abarana
1439 943 1523 1016 pane
1544 937 1627 1016 larse
1644 945 1772 1018 pateam.
1787 938 1875 1019 poi*¹

414 1037 671 1106 cirritaniae
692 1037 868 1106 miinoris
885 1035 1056 1119 speciem
1078 1036 1165 1106 sistit¹
1176 1044 1204 1098 at
1215 1035 1273 1102 sub
1290 1035 1404 1116 apicem
1428 1037 1488 1103 dno
1510 1038 1601 1105 habet
1614 1039 1774 1112 toramine„
1791 1060 1873 1122 qma

416 1140 610 1209 foraminibus
634 1139 773 1208 videntne
800 1137 984 1218 respondam
1015 1137 1221 1212 obturatam
1253 1139 1377 1205 nomine
1402 1139 1562 1208 distinctis.
1606 1143 1699 1208 Fines
1728 1143 1870 1211 attumne

414 1245 601 1318 emtores,
634 1242 773 1323 pollicem
796 1239 871 1307 attor
891 1240 929 1306 ao
948 1239 1048 1305 attero.
1065 1240 1230 1312 distantes,
1259 1259 1317 1320 par,
1335 1242 1496 1320 arenosae
1511 1261 1584 1311 eum
1601 1246 1693 1308 ursis
1710 1245 1869 1328 commati

414 1345 545 1428 Quos
563 1357 671 1420 tusus.
694 1356 861 1411 moenum
881 1344 1027 1418 tironus.
1047 1344 1123 1410 duos
1135 1344 1262 1424 digium
1281 1345 1551 1428 exeipimitoonm
1572 1347 1738 1428 longiorem
1760 1357 1793 1418 et
1811 1367 1869 1418 un·

413 1467 475 1530 otte
493 1466 601 1527 magno
622 1450 810 1522 immotum.
832 1447 955 1515 altorum
977 1446 1145 1512 boariorum
1169 1446 1244 1510 sine.
1258 1464 1368 1526 tegno.

519 1891 595 1971 idi)
638 1893 750 1956 Cesum
767 1891 869 1972 poili
891 1889 1130 1970 gallinacei,
1161 1907 1343 1972 mormanno
1362 1891 1551 1958 monstris
1571 1892 1796 1972 ppgornelis
1814 1894 1871 1956 suit

411 1999 501 2062 tinem
522 1997 704 2078 subjungere
727 1996 839 2076 piacet,
863 1994 1022 2075 ancipitem
1046 1993 1201 2068 eristim03
1220 1995 1369 2058 oonnuiia-
1383 1995 1462 2056 erim
1485 1995 1574 2074 signa
1594 2005 1681 2069 sont,
1704 2015 1871 2077 quaecum

412 2101 601 2168 monstris
620 2099 844 2164 maiomelis
865 2097 1063 2165 adnumerare
1084 2096 1237 2162 studeant
1280 2097 1482 2163 nuttusmtat
1503 2097 1639 2176 pedem
1660 2098 1869 2163 sinistrum

412 2205 548 2268 dextro
570 2201 825 2280 graciliorem
848 2208 877 2260 et
898 2199 929 2260 in
951 2197 1126 2261 sinistro
1148 2197 1276 2260 latere
1298 2217 1386 2264 osea
1415 2200 1663 2264 innominata
1696 2199 1877 2280 dopttcis

411 2315 490 2372 suni.
534 2308 606 2370 Cum
631 2323 725 2366 osse
749 2301 997 2364 innominata
1021 2299 1236 2373 exteriore,
1260 2301 1339 2381 quod
1362 2301 1450 2362 simui
1473 2301 1658 2362 anterius
1682 2309 1736 2372 ast,
1760 2304 1870 2363 articu-

410 2412 487 2475 latur
508 2428 574 2490 pes
591 2405 823 2469 ordinarius
845 2403 1036 2474 sinister,
1072 2420 1139 2464 cum
1162 2419 1251 2462 osse
1278 2401 1510 2480 posteriore
1540 2402 1736 2464 interiore
1760 2403 1872 2484 ejus·

411 2533 485 2595 que
506 2509 715 2574 acetabulo
738 2513 927 2585 coniunctum
950 2514 996 2567 est
1018 2506 1146 2567 femur
1164 2522 1370 2583 permansum,
1406 2506 1485 2586 quod
1519 2507 1711 2567 commissum
1735 2518 1868 2570 osteum

410 2617 507 2680 tibia
530 2613 677 2678 crassiore
699 2621 735 2674 et
765 2610 912 2672 duabus
943 2608 958 2669 i
963 2607 1102 2680 ibuiis,
1130 2607 1438 2680 attentantem,
1468 2605 1559 2668 altera
1584 2607 1613 2668 in
1637 2608 1754 2670 interno
1778 2610 1868 2672 tibiae

409 2720 511 2782 latere.
554 2717 630 2779 fluia
661 2715 750 2778 tibias
782 2712 959 2775 erronica
988 2711 1135 2791 duplicato
1157 2719 1220 2782 est,
1249 2729 1373 2791 quaeum
1396 2721 1531 2776 tarsus
1550 2713 1868 2782 dnoeonneotuntur.

408 2821 508 2884 Pedes
529 2819 654 2882 extremi
677 2816 841 2897 reguum
882 2815 983 2879 Pedes.
1001 2813 1162 2879 aooessorii
1183 2813 1276 2894 longe
1296 2813 1405 2879 dictatu
1425 2833 1450 2878 a·
1464 2815 1544 2894 pede
1562 2816 1713 2884 ordinario
1734 2818 1869 2886 sinistro.

314 2996 323 3011 ,
411 2929 518 2992 ranas
536 2924 643 2987 molles
665 2921 744 2984 cuso
767 2939 856 2983 amm
877 2919 993 2984 abinus
1009 2927 1091 2984 mot.

513 3043 590 3127 lua)
633 3041 859 3114 dnaticuia,
894 3055 991 3120 qnae
1020 3037 1870 3118 ittpedeordinarios-inistropedesduoe
1913 3067 1919 3082 ·

407 3148 664 3214 accessorius
702 3143 828 3206 habet.
879 3142 1018 3204 Aniculae
1049 3141 1222 3204 rarissimae
1258 3140 1491 3221 descriptionem
1528 3141 1651 3202 eiibro
1683 3141 1873 3204 Merkeiii

403 3253 450 3316 -do
471 3253 642 3334 duplicitate
663 3259 832 3314 monstrosa
854 3267 944 3330 snpra
969 3248 1146 3328 repetiimus
1169 3247 1200 3309 io
1222 3247 1318 3326 capite
1341 3247 1378 3308 de
1401 3245 1570 3308 meiomelis
1591 3263 1657 3325 pag.
1679 3243 1732 3310 35,

969 3435 1278 3450 Μ

513 3619 589 3696 103)
634 3620 782 3685 Pniium
804 3622 1069 3703 gallinaceum
1094 3623 1125 3686 in
1157 3623 1261 3686 ultimo
1281 3624 1361 3684 inter
1382 3629 1513 3684 monstra
1535 3621 1632 3686 avium
1656 3618 1785 3700 dupiicia
1807 3619 1871 3682 ioco

409 3747 498 3811 pono,
526 3726 575 3810 qui
601 3725 709 3787 taurica
730 3726 865 3788 morbosa
888 3725 1101 3806 insignisset,
1130 3731 1216 3806 enjus
1241 3726 1406 3804 exemplum
1429 3725 1457 3788 J.
1490 3723 1674 3802 Geoiiroy
1696 3723 1738 3783 st.
1759 3721 1869 3782 fliiaire

410 3831 531 3914 pridem
549 3829 709 3910 descripsit
721 3823 760 3902 *).
794 3827 905 3891 Faetus
926 3829 1102 3912 ceteroquin
1122 3829 1201 3890 bene
1224 3827 1435 3900 conformatus,
1459 3843 1592 3906 magnam
1607 3823 1700 3885 vitelli
1713 3834 1826 3904 partam
1840 3825 1870 3884 in

421 3981 747 4002 —-.-...-..-.-

450 4071 480 4152 ⁶)
524 4075 553 4132 L.
575 4091 598 4132 e.
621 4071 758 4134 'domiin
780 4086 840 4145 pag.
864 4069 936 4128 290.
959 4101 1000 4112 -
1023 4087 1060 4126 un
1080 4070 1165 4142 jaune
1186 4069 1279 4144 poulet
1300 4066 1418 4136 double,
1449 4075 1521 4123 mort
1548 4082 1583 4122 au
1612 4071 1731 4122 moment
1759 4064 1792 4121 de
1818 4063 1867 4120 i'd·

494 4179 618 4246 eiosion,
646 4187 674 4236 et
702 4193 755 4250 que
783 4173 813 4246 ja
835 4172 931 4230 doira
952 4171 1131 4246 i'obiigeauee
1153 4173 1187 4230 dc
1208 4171 1243 4230 ii.
1267 4172 1293 4229 ts
1313 4171 1427 4228 dortour
1448 4167 1587 4236 Pouchet,
1608 4165 1767 4240 proiesseur
1787 4165 1867 4222 d'iair·

494 4285 563 4342 taire
586 4281 719 4340 naturalis
742 4283 756 4336 i
777 4279 880 4336 Roueo.
924 4279 960 4334 Ca
978 4277 1062 4350 jaune
1084 4277 1178 4352 pouiet
1207 4277 1276 4338 odra
1296 4275 1323 4332 ia
1347 4271 1534 4332 confirmation
1555 4270 1581 4327 ia
1611 4269 1672 4343 pius
1700 4269 1813 4342 positive
1842 4275 1870 4324 et

493 4386 518 4444 la
548 4387 609 4462 pius
637 4385 778 4460 irappaote
807 4399 860 4457 que
885 4381 940 4438 l’oo
963 4381 1056 4456 puisse
1077 4381 1200 4450 dosiror,
1233 4381 1267 4438 de
1288 4380 1314 4436 ia
1336 4377 1441 4436 thdorio
1471 4391 1524 4450 que
1551 4374 1580 4446 J'e
1607 4373 1682 4430 aiens
1709 4371 1866 4446 d'exposer5

498 4503 534 4544 ou
562 4489 667 4562 plutei,
699 4487 722 4542 si
748 4485 804 4542 i’on
831 4493 895 4560 pent
922 4483 1081 4558 s'erprimer
1109 4483 1194 4553 riori,
1216 4482 1235 4538 ii
1260 4481 1285 4538 ia
1312 4479 1413 4538 traduit
1436 4495 1502 4540 aona
1527 4493 1580 4534 nne
1609 4475 1697 4533 iorma
1723 4474 1870 4532 matirieiie

494 4599 521 4648 et
549 4589 642 4650 visiblo
672 4589 876 4650 ooniaicement.
926 4588 962 4646 Ca
990 4597 1112 4646 mansue
1141 4585 1243 4648 douhic
1270 4603 1300 4646 ao
1324 4600 1468 4660 composa,
1498 4599 1532 4640 oe
1560 4581 1679 4654 premier
1705 4579 1778 4648 lieu,
1803 4578 1868 4636 d'un

492 4689 562 4763 sujet
580 4693 702 4760 autosite,
723 4689 932 4765 rdguii’oremeot
955 4687 1096 4746 eooiormd
1118 4687 1186 4744 dans
1208 4705 1259 4744 son
1272 4684 1426 4756 eosembie;
1447 4703 1481 4744 on
1503 4683 1604 4743 second
1623 4683 1696 4752 iieu,
1729 4681 1793 4738 d'un
1823 4697 1868 4754 pe·

492 4791 583 4862 casita,
614 4795 742 4866 compote
763 4794 797 4852 de
819 4793 892 4855 daus
911 4801 997 4868 pattes
1019 4793 1072 4850 mai
1094 4793 1281 4862 ooniormdeo,
1310 4792 1419 4850 reunion
1445 4791 1680 4866 superieorement
1705 4793 1722 4845 a
1750 4801 1787 4844 no
1808 4785 1868 4842 itar-

492 4897 534 4953 sin
557 4895 757 4956 rudimentaire.
801 4896 872 4956 c'est
889 4914 921 4956 ce
944 4915 997 4972 quo
1015 4896 1111 4970 j'avaia
1131 4914 1166 4954 vn
1188 4895 1250 4970 ddjt
1268 4896 1336 4956 dam
1356 4913 1393 4956 uo
1417 4895 1501 4972 praed
1523 4893 1639 4954 namura
1661 4892 1695 4952 de
1716 4907 1771 4960 ras,
1790 4896 1817 4948 et
1837 4903 1868 4948 ee

1637 4987 1668 5054 o
