4716 5846
637 949 676 1022 ln
703 947 931 1046 descriptione
956 947 1093 1022 intentis
1120 947 1217 1040 bujns
1243 945 1387 1044 tripodis
1413 943 1596 1021 ins‘nribue
1620 949 1721 1024 nubis
1747 971 1826 1022 ιιιι
1852 950 1993 1047 ριιιιὶι,

535 1101 637 1180 quum
661 1085 729 1158 boc
751 1087 868 1158 vitium
896 1087 930 1158 in
954 1084 1092 1157 homine
1116 1104 1290 1179 perrarum
1318 1085 1431 1156 omnia
1446 1081 1545 1156 nobis
1564 1083 1756 1181 suppeditet
1779 1095 1990 1179 aramenta,

534 1219 655 1314 quibus
688 1219 731 1292 ad
763 1219 999 1316 explicandam
1040 1221 1208 1312 originem
1242 1237 1329 1312 opus
1359 1226 1422 1292 ιιι
1481 1217 1566 1292 Nam
1599 1221 1674 1314 quis
1707 1228 1779 1312 est,
1820 1225 1899 1315 quin
1933 1225 1993 1296 in·

534 1355 688 1450 telligat,
714 1356 829 1430 ioetns
855 1355 941 1429 dnos
967 1352 1092 1426 adesse
1119 1375 1249 1448 eosque
1272 1361 1458 1443 cannatas,
1487 1375 1604 1428 eornm
1631 1358 1785 1448 germina
1808 1367 1924 1430 tamen
1945 1357 1990 1430 ad

534 1491 723 1585 legitimum
757 1489 978 1586 perfectionis
1012 1487 1154 1582 gradum
1188 1511 1256 1560 rrnn
1297 1491 1516 1585 pervenisse.
1578 1489 1726 1564 Germen
1768 1493 1907 1566 alterum
1943 1495 1990 1584 Α,

534 1627 625 1723 gued
651 1635 745 1701 sorta
770 1628 879 1698 miuus
904 1625 1049 1698 inlausta
1073 1623 1267 1713 fruebatur,
1286 1628 1358 1715 jam
1385 1624 1427 1698 ab
1454 1627 1550 1700 initio
1577 1625 1732 1700 dextrum
1758 1599 1899 1702 nonani
1923 1627 1991 1702 du·-

533 1765 633 1862 plicls
658 1763 744 1837 latis
771 1763 964 1856 occuparit,
990 1760 1132 1834 alterurn
1159 1781 1301 1852 gemm
1322 1759 1364 1850 B,
1390 1762 1558 1856 iniquiore
1573 1769 1667 1834 sorte
1683 1770 1794 1854 utens,
1820 1768 1989 1838 sinistrum

533 1901 622 1974 latus
656 1897 807 1972 obducit.
856 1895 897 1968 ln
930 1897 1086 1989 germine
1111 1895 1145 1967 A
1174 1904 1350 1990 utmmqua
1377 1902 1487 1969 trunci
1514 1897 1686 1970 dimidium
1711 1897 1854 1970 laterata
1879 1921 1990 1993 aequo

533 2033 611 2110 fero
636 2053 740 2132 passu
765 2035 799 2105 io
835 2031 1029 2104 evolutione
1055 2032 1225 2125 pmeessit
1254 2029 1303 2122 (si
1330 2034 1511 2128 exceperis
1536 2032 1690 2106 dextrum
1715 2033 1885 2107 dimidium
1912 2055 1991 2105 nru-

529 2170 608 2261 jore
633 2171 758 2262 vigore
782 2166 971 2266 praeditum
988 2164 1103 2237 inisse
1126 2171 1227 2260 atque
1251 2164 1414 2240 fabricam
1440 2176 1703 2241 monstrosama
1729 2167 1830 2242 nobis
1854 2166 1992 2242 descri-

532 2305 599 2404 Μ),
622 2305 684 2382 sed
707 2308 900 2398 conjunctio
924 2305 1098 2398 utriusque
1125 2300 1266 2393 dimidii,
1293 2323 1380 2397 quae
1406 2303 1440 2375 in
1453 2311 1609 2398 pectore,
1634 2301 1816 2376 abdomine
1839 2314 1874 2377 et
1895 2304 1989 2401 pelvi

529 2441 719 2518 secundum
745 2439 869 2514 lineam
896 2427 1043 2512 mediani
1068 2437 1144 2511 lieri
1171 2437 1285 2530 debet,
1310 2459 1379 2512 nou
1406 2448 1459 2512 ιιι
1484 2439 1618 2512 edecta.
1672 2437 1886 2513 GerminisB
1913 2439 1989 2514 iere

529 2579 614 2652 nibil
639 2579 706 2652 nisi
729 2578 899 2651 sinistrum
933 2574 1104 2647 dimidium
1131 2573 1305 2646 evolutum
1339 2575 1473 2670 hocque
1497 2597 1574 2648 cnm
1599 2578 1763 2668 germinis
1790 2575 1823 2648 A
1852 2575 1990 2652 dimidio

527 2713 656 2786 dextro
681 2717 716 2786 in
741 2721 893 2808 pectore.
908 2719 945 2782 et
968 2709 1064 2805 pelvi
1085 2711 1304 2782 commiserim
1327 2719 1393 2800 est,
1420 2718 1456 2781 ut
1471 2705 1871 2786 structurumnormnlem
1886 2733 1989 2784 men-

532 2852 646 2939 tiatur,
670 2869 769 2943 quam
795 2867 897 2942 supra
924 2844 1166 2940 descripsimus
1192 2854 1228 2916 et
1251 2847 1287 2920 in
1312 2843 1488 2940 permultis
1514 2848 1674 2920 monstris
1701 2846 1891 2942 duplicibus
1917 2845 1986 2922 ob·

531 3005 676 3059 servare
710 2985 802 3056 licet.
853 2980 975 3054 Mirum
1011 3003 1095 3054 sane
1126 2981 1239 3091 videri
1271 2983 1382 3076 possit
1408 3001 1552 3074 germen
1575 2982 1643 3055 boc
1666 2981 1729 3076 (B)
1755 2986 1926 3056 sinistrum
1954 2991 1990 3054 ιι

528 3118 768 3215 inperfectum
794 3115 932 3190 alterins
958 3119 1122 3209 germinis
1148 3113 1382 3190 evolutionem
1408 3127 1587 3213 tantopere
1614 3119 1836 3214 impedivissa
1861 3119 1928 3191 nisi
1953 3119 1987 3190 in

528 3253 690 3330 amnibus
722 3255 881 3328 monstris
915 3252 1109 3349 duplicitate
1141 3251 1369 3327 laborantibus
1397 3253 1520 3325 eadem
1554 3274 1612 3325 res
1645 3273 1782 3348 sempor
1809 3254 1904 3324 etin
1931 3249 1989 3324 di-

527 3392 741 3466 uersissimis
765 3388 852 3460 loeis
888 3389 1081 3462 accidisset.
1133 3390 1293 3464 Attamen
1320 3391 1470 3482 ingenue
1497 3389 1578 3462 mihi
1601 3388 1824 3487 profitendum
1851 3395 1906 3462 est
1931 3409 1986 3462 me

526 3527 705 3622 memque
730 3543 849 3597 casum
869 3526 1013 3599 similem
1038 3549 1107 3600 non
1132 3523 1277 3617 uidisse,
1304 3547 1369 3621 quo
1395 3527 1559 3618 germinis
1584 3547 1664 3622 pars
1682 3525 1832 3600 lateralis
1851 3525 1986 3602 dimidia

527 3671 658 3738 tautum
693 3661 833 3738 evoluta
868 3671 931 3736 eat
993 3661 1077 3738 Cum
1114 3666 1234 3762 apinae
1257 3661 1401 3736 dorsalis
1422 3665 1558 3736 sinistra
1583 3685 1662 3761 pars
1686 3685 1775 3740 vero
1802 3661 1890 3736 adsit
1915 3681 1985 3734 nou
2138 3763 2144 3774 ι

532 3811 585 3874 ιιι
609 3823 670 3876 cnr
694 3803 856 3876 miremur
875 3801 999 3897 pedem
1034 3804 1135 3873 etiam
1168 3803 1337 3874 sinistrum
1374 3799 1518 3892 adesse,
1550 3799 1659 3898 pedes
1691 3803 1781 3872 enirn
1818 3797 1985 3888 originem

527 3932 668 4030 ducunt,
693 3937 727 4010 id
753 3936 842 4034 qnod
869 3937 1075 4010 evolationis
1100 3937 1240 4010 historia
1267 3935 1381 4008 edocti
1407 3939 1647 4032 comperimus,
1674 3957 1696 4007 ι
1720 3929 1849 4022 regulis
1882 3928 1987 4002 lemi-

525 4089 648 4140 umnm
674 4070 948 4164 abdominalinm‚
974 4073 1040 4146 bae
1060 4071 1204 4148 laminae
1232 4091 1318 4144 vero
1342 4069 1477 4143 laminis
1505 4065 1695 4143 dorsalibus
1715 4066 1987 4158 insequuntursi

526 4206 695 4302 temporis
720 4206 873 4281 andnam
898 4210 1054 4306 respicis

633 4337 737 4414 Pedio
769 4347 1016 4439 supervacanei
1049 4341 1209 4416 formatio
1240 4341 1296 4414 bic
1327 4344 1429 4437 igitur
1459 4337 1580 4414 iisdem
1612 4335 1765 4428 subjecte
1793 4344 1867 4408 arat
1891 4333 1986 4428 legi-

372 4548 387 4573 ,
525 4475 608 4568 bus,
633 4475 752 4572 quibus
777 4487 891 4574 partes
916 4479 1152 4576 periphericee
1177 4488 1256 4575 post
1280 4476 1449 4552 cantuales
1473 4459 1635 4549 sumtu.
1688 4473 1849 4546 Attamen
1885 4490 1985 4550 caune

530 4611 667 4686 infantis
698 4611 841 4711 tripodis
874 4633 969 4688 novo
1005 4614 1210 4688 documento
1244 4623 1297 4687 est
1323 4623 1438 4711 partes
1465 4607 1697 4708 peripbericae
1726 4605 1769 4680 ad
1796 4603 1984 4686 absolutam

532 4751 730 4825 struetniam
754 4747 921 4824 interdurn
946 4749 1144 4846 pervenire,
1170 4769 1245 4820 cum
1270 4758 1385 4846 partes
1409 4745 1578 4820 centrales
1605 4747 1640 4818 in
1665 4741 1865 4841 imperfecta
1892 4761 1985 4818 evo-

530 4885 659 4962 lutione
685 4889 881 4962 retinentur.

1092 5015 1415 5030 ψ-
