4716 5846
506 937 647 1017 spinse
665 933 847 1009 dorsalcs
874 933 910 996 in
932 933 1098 1011 regione
1121 933 1322 1012 scapulari
1345 931 1546 996 scoliuees
1567 928 1773 1004 exltiltent,
1795 929 1969 1012 coniunctas

508 1057 576 1104 cttm
598 1035 880 1117 spnostosiltns
897 1053 1152 1114 processuum
1176 1038 1428 1116 spinosorum
1450 1035 1481 1096 in
1502 1034 1968 1098 anterioribusdorsirertebris.

509 1149 545 1212 ln
567 1141 678 1203 sceleto
700 1157 726 1200 e.
753 1137 834 1200 1833
857 1149 1033 1218 praeparato
1056 1140 1178 1204 ulterius
1200 1142 1267 1222 agni
1296 1149 1428 1202 costae
1450 1140 1486 1202 in
1511 1140 1648 1202 dextro
1670 1139 1792 1203 latere
1814 1147 1968 1220 praeterea
2078 1173 2081 1184 ·

507 1253 692 1308 connatae
715 1249 816 1313 sunt,
838 1259 855 1302 a
876 1240 996 1302 tertis
1019 1241 1062 1302 sd
1085 1249 1269 1312 octavam,
1290 1241 1423 1320 itemque
1443 1249 1602 1302 ncne-ct
1621 1239 1780 1303 decima.
1825 1241 1968 1304 inaltero

507 1345 635 1418 secieto,
658 1343 706 1408 cui
729 1361 817 1404 ossa
839 1342 1182 1406 interntaxilleria
1206 1344 1359 1413 desunt.
1379 1341 1492 1404 sinistri
1517 1341 1618 1404 leteris
1637 1351 1755 1414 costae,
1784 1341 1816 1404 id
1838 1352 1884 1406 ost
1901 1341 1967 1424 eius

506 1447 618 1512 tuteris,
642 1466 701 1527 quo
718 1446 821 1525 spinae
836 1455 990 1520 curvatura
1010 1429 1216 1518 concaraest,
1238 1464 1254 1506 a
1276 1453 1411 1531 quarte
1434 1443 1473 1504 ed
1496 1451 1639 1506 sextam
1662 1461 1804 1524 usque,
1825 1453 1861 1506 et
1883 1461 1968 1523 sep·

508 1553 597 1614 tima
626 1571 711 1614 eum
733 1559 877 1621 octava,
901 1550 1075 1612 coalitae
1105 1559 1184 1612 sunt.
1228 1547 1391 1610 Similes
1413 1545 1966 1626 spinaeincurtationescutn

509 1655 655 1718 coalitu
688 1671 944 1732 processuum
978 1651 1228 1732 spinosorum
1260 1652 1297 1714 in
1319 1649 1642 1730 plurimishujus
1665 1649 1968 1714 lumilieemon·

509 1757 610 1821 stris
634 1755 747 1816 nobis
766 1762 990 1818 occurrunt.

611 1870 663 1934 28.
683 1869 736 1934 29.
759 1869 809 1934 30.
855 1874 938 1947 Quae
965 1889 1044 1932 nunc
1073 1878 1239 1951 sequuntur
1267 1868 1376 1932 sceleta
1404 1869 1460 1930 tria
1481 1867 1588 1930 iterum
1612 1871 1738 1932 maxima
1759 1870 1815 1932 sibi
1836 1880 1906 1933 sunt
1928 1872 1972 1934 si-

510 1974 590 2036 milia
614 1984 643 2046 ct
664 1974 864 2037 dillerunt
882 1975 924 2035 ab
945 1973 1216 2035 anterioribus
1238 1971 1469 2051 occipitium
1492 1973 1693 2051 angustia,
1727 1973 1765 2034 ita
1789 1982 1821 2035 ut
1842 1973 1972 2053 capitu

510 2078 709 2155 regularia
744 2088 773 2138 et
800 2076 1002 2155 simplicia
1024 2076 1188 2138 rideantur.
1233 2075 1331 2136 Nihilo
1354 2085 1451 2136 temen
1480 2076 1579 2140 minus
1610 2095 1702 2139 ossa
1734 2077 1971 2155 occipitalia

511 2194 582 2246 sunt
610 2181 911 2260 semiduplicia,
936 2179 1123 2242 lorsmins
1147 2195 1281 2256 magna
1306 2179 1396 2248 duo,
1420 2177 1478 2240 situ
1501 2179 1685 2240 lateralia
1709 2180 1859 2258 potius,
1883 2199 1969 2262 quem

510 2267 684 2366 postica,
719 2300 844 2366 quorum
871 2291 1073 2360 utrumque
1103 2299 1183 2342 cum
1214 2280 1450 2341 suoetlante
1472 2279 1729 2359 conjunctum.
1774 2280 1972 2361 Occipitis

511 2385 691 2474 aequatis
720 2385 868 2464 dependet
895 2403 912 2444 a
940 2383 1097 2446 delectu
1127 2383 1276 2444 ossium
1306 2381 1606 2460 temporalium,
1642 2401 1716 2464 quae
1746 2383 1776 2444 in
1801 2383 1862 2447 illis
1884 2383 1969 2462 agnis
2073 2409 2079 2421 ·

510 2488 541 2550 iu
566 2489 665 2551 medio
685 2489 812 2568 occipite
833 2487 938 2550 coalita
960 2489 1122 2550 exstabant
1167 2487 1262 2548 Pars
1282 2484 1474 2546 basilsris
1496 2484 1642 2546 ossium
1665 2486 1855 2566 occipitis
1877 2487 1972 2550 sim·

511 2590 599 2670 plex
634 2600 703 2654 est.
748 2591 778 2654 ln
802 2591 1058 2653 duobussceletis
1081 2591 1257 2670 palatum
1291 2589 1426 2654 durum
1461 2589 1581 2650 media
1615 2589 1715 2651 linea
1750 2591 1892 2652 lissum
1922 2607 1972 2654 re·

511 2693 621 2774 peries.
672 2695 908 2758 curvaturae
930 2696 1187 2780 spinarumet
1205 2711 1458 2774 processuum
1482 2691 1730 2770 spinosorum
1765 2693 1972 2756 concretio

437 2787 439 2792 ’
512 2795 616 2856 estem
636 2811 670 2854 ac
693 2795 730 2855 de
753 2814 808 2874 qua
832 2815 931 2876 supra.

616 2911 668 2974 at.
713 2914 863 2990 Annorum
884 2914 1046 2993 duplicium
1070 2934 1136 2978 ossa
1162 2917 1359 2994 maceratione
1382 2915 1527 2994 disjuncta
1549 2915 1708 3006 chirurgus
1739 2916 1877 2980 militaris
1905 2917 1973 3000 qni·

514 3016 580 3078 tam
602 3016 689 3078 uobis
711 3017 891 3094 apportavit,
915 3037 989 3098 qnae
1015 3019 1167 3097 spinarum
1190 3018 1271 3079 dorsi
1291 3027 1468 3080 structuram
1491 3017 1569 3098 quod
1591 3019 1714 3092 attinet,
1736 3019 1860 3082 eaodem
1881 3020 1972 3082 labri·

514 3136 579 3180 cam
601 3118 778 3189 ostendunt,
809 3137 896 3198 quant
920 3119 1007 3180 mtido
1031 3120 1256 3197 descripsimus.
1302 3119 1376 3182 cotti
1400 3109 1553 3181 vertebrae
1576 3139 1680 3184 omnes
1702 3121 1837 3200 duplices
1859 3130 1890 3183 el
1909 3139 1973 3184 ttt-

514 3229 575 3282 ter
609 3220 778 3283 atlantes
809 3221 990 3306 ossitum
1014 3230 1059 3282 est
1081 3239 1149 3282 cum
1172 3231 1298 3301 utroque
1319 3220 1443 3282 linitimo
1465 3223 1634 3300 ligamentis
1647 3224 1753 3286 ,adhuc
1769 3223 1875 3286 intime
1898 3243 1971 3286 eon·

508 3328 664 3404 junctum.
685 3321 765 3401 quod
789 3321 907 3401 longum
931 3331 962 3384 et
980 3333 1155 3402 angustum,
1179 3324 1323 3386 toramine
1344 3335 1515 3404 pertusum,
1539 3325 1681 3387 inlerrorc
1703 3333 1786 3404 parto
1808 3343 1888 3388 curn
1911 3326 1973 3388 el-

515 3415 605 3488 tero‘
635 3421 772 3501 exiguo
807 3442 898 3486 osse
930 3417 1129 3488 cohaeret
1172 3425 1237 3487 Nott
1260 3445 1412 3506 possum
1435 3427 1526 3508 quin
1549 3429 1885 3507 hocosproosse
1908 3448 1973 3492 oo·

514 3526 674 3608 cipitali
699 3526 855 3590 laterali
885 3537 1000 3609 atque
1031 3527 1205 3607 ejusdem
1234 3530 1506 3609 appendicem,
1537 3550 1611 3613 quaa
1633 3543 1786 3612 praeterea
1806 3551 1873 3596 cnm
1897 3533 1973 3595 sini-

515 3641 577 3696 stro
598 3630 706 3696 atlante
728 3647 859 3692 connexa
883 3640 943 3702 est,
964 3649 1019 3712 pro
1051 3635 1178 3712 partis
1202 3633 1386 3698 basileris
1418 3636 1591 3716 vestigio
1614 3635 1783 3698 habeam.
1826 3634 1871 3697 td
1896 3635 1972 3700 lianc

514 3735 690 3804 sententiam
715 3734 841 3796 maxime
857 3734 995 3805 adducor
1016 3739 1144 3816 perlecta
1167 3739 1260 3802 cranii
1284 3742 1375 3804 totius
1397 3741 1604 3821 simplieitate;
1625 3741 1816 3822 nequeenim
1839 3741 1870 3802 in
1892 3743 1974 3805 coci·

515 3838 586 3916 pite,
610 3855 707 3916 nequo
726 3837 755 3896 in
778 3836 834 3896 alia
857 3838 963 3916 eapitis
987 3839 1109 3916 regione
1132 3841 1222 3902 ullum
1245 3842 1454 3920 duplicatirinis
1476 3845 1614 3921 siguumt
1637 3854 1724 3924 ceput
1738 3844 1890 3924 oliliquum
1908 3847 1976 3925 qui·

517 3938 584 3998 dem
608 3947 636 4016 et
659 3939 745 4018 palati
766 3935 991 4002 ossei-fissione
1010 3941 1162 4014 allectum,
1195 3946 1367 4024 ceteroquin
1395 3946 1473 4008 berte
1495 3947 1710 4008 cotilormaturn
1734 3935 1807 4010 est'
1835 3948 1876 4010 Os
1894 3949 1975 4010 occi-

516 4037 587 4120 pitis
605 4056 659 4118 per
680 4059 830 4120 magnum,
851 4042 1010 4104 otiantibus
1026 4061 1191 4124 eorumque
1212 4046 1330 4108 ossilms
1346 4045 1532 4114 intermediis
1544 4046 1711 4124 adtonitum
1731 4050 1849 4116 atlantis
1861 4052 1974 4113 utrius·

517 4159 576 4223 qne
597 4157 657 4200 nort
680 4141 737 4204 nisi
760 4163 830 4224 pars
855 4143 985 4208 lateralis
1006 4151 1127 4226 citerna
1150 4147 1255 4210 taciem
1275 4149 1464 4212 articulorum
1487 4149 1591 4224 ltabet,
1622 4166 1689 4212 cnm
1712 4153 1839 4233 condyli
1861 4151 1907 4240 sui
1931 4151 1976 4214 la·

516 4241 591 4306 teris
614 4241 816 4308 commissum.

617 4342 663 4405 tt
691 4342 747 4406 hac
777 4348 869 4410 cranii
891 4361 928 4412 ⁴et
957 4352 1059 4433 spinae
1088 4355 1170 4418 dorsi
1192 4356 1443 4430 conformatione,
1466 4356 1551 4436 cujm
1571 4355 1693 4435 generis
1716 4339 1889 4420 intuuntur
1911 4356 1974 4420 col-

516 4447 644 4511 lectione
667 4457 766 4512 nostre
789 4449 933 4516 hahemus
955 4459 1216 4540 exemplar,satis‘
1238 4453 1411 4524 commodus
1428 4457 1518 4546 rolris
1540 4459 1572 4522 lit
1591 4461 1735 4526 transitus
1756 4460 1792 4524 ad
1814 4477 1972 4524 numerum

517 4553 741 4634 insequentem-t

620 4667 672 4732 32.
717 4671 983 4752 Deradelplius
1013 4677 1198 4753 agninus,
1232 4681 1747 4762 detruncarit-spinctum
1768 4682 1832 4746 tric
1876 4681 1972 4744 litium

509 4773 576 4840 ‚ltoc
597 4774 741 4838 sceletum
772 4775 842 4838 item
870 4775 916 4838 sui
945 4775 1068 4854 generis
1090 4779 1210 4840 unicum
1231 4785 1308 4860 apud
1331 4801 1388 4846 nus
1407 4785 1574 4864 exemplum
1598 4793 1704 4850 exsut.
1748 4785 1889 4850 mentam
1909 4797 1974 4842 om·

519 4879 592 4942 nino
612 4889 659 4944 ast
680 4879 820 4960 simplex,
842 4884 971 4964 palatum
993 4881 1100 4942 durum
1123 4881 1254 4960 uittam,
1277 4885 1394 4950 maxilla
1417 4888 1556 4968 superior
1578 4889 1721 4952 interiore
1742 4887 1870 4952 brevior.
1914 4884 1974 4944 tt·
