4716 5846
1076 717 1124 806 l'l

367 945 452 1000 vero
477 924 583 998 lorea
610 935 684 999 erat
712 929 909 1023 conspicuo,
935 950 956 1000 a
979 928 1101 1002 dextro
1135 939 1170 1004 et
1195 932 1332 1006 sinistro
1357 933 1465 1007 latere
1492 933 1728 1012 vertebrarum
1750 941 1830 1036 spi-

364 1066 430 1153 nis,
458 1066 504 1138 uti
530 1063 721 1156 videbatur,
748 1068 1019 1162 circumscripta,
1042 1069 1204 1162 aprione
1227 1067 1353 1142 loveoe
1377 1077 1475 1164 parte
1500 1069 1610 1164 pedes
1638 1077 1828 1151 accessorii

366 1199 574 1292 oriebantur,
600 1202 634 1274 in
661 1200 817 1274 dextrum
843 1201 977 1276 hestiae
995 1204 1083 1276 latus
1108 1201 1354 1299 dependentes.

466 1332 631 1408 diusculis
663 1332 783 1408 oblatis
817 1337 944 1412 ossium
975 1337 1100 1408 vitiosa
1133 1357 1320 1433 compages
1345 1335 1604 1432 patefecisset.
1657 1343 1757 1430 Quod
1782 1343 1827 1418 ad

365 1469 555 1546 columnam
582 1467 817 1543 vertebrarum
843 1472 963 1542 attinet
987 1489 1057 1542 nou
1082 1477 1228 1563 peccaut
1255 1471 1320 1540 uisi
1348 1471 1544 1561 vertebrae,
1571 1495 1657 1568 quae
1683 1479 1717 1548 in
1743 1499 1826 1550 me-

293 1671 300 1698 ,
364 1605 420 1679 dio
445 1603 548 1678 dorso
577 1611 665 1694 suut,
690 1603 723 1676 id
747 1614 800 1676 est
825 1602 988 1678 vertebra
1011 1613 1131 1698 quarta
1153 1625 1260 1697 usque
1277 1601 1320 1674 ad
1336 1601 1513 1678 decimam.
1565 1607 1711 1682 Primum
1736 1633 1827 1684 ver-

365 1738 535 1812 tebramm
564 1747 746 1828 curvatura
773 1737 943 1813 abnormis
969 1746 1041 1824 est3
1066 1757 1144 1810 uam
1170 1727 1374 1825 vertebrae,
1409 1759 1549 1832 quarum
1576 1762 1738 1817 numeros
1764 1745 1825 1817 iu-

234 1853 236 1871 '
363 1875 564 1966 dicavimus,
591 1887 738 1974 excepta
760 1899 852 1950 nona
878 1885 913 1948 et
940 1873 1084 1964 decimo,
1111 1873 1279 1970 duplicem
1307 1896 1422 1947 eroum
1449 1872 1608 1965 formant,
1635 1877 1680 1948 ita
1707 1885 1743 1947 ut
1766 1876 1825 1950 al-

364 2023 417 2090 ter
451 2017 486 2087 in
522 2013 728 2089 altitudinem
756 2012 856 2084 nimis
882 2008 1066 2099 evehatur,
1092 2007 1178 2082 ulter
1205 2007 1419 2082 dextrorsum
1446 2016 1619 2082 excurrat.
1671 2007 1823 2105 Uterque

362 2170 462 2220 arcus
489 2169 576 2223 vero
601 2171 647 2220 ex
673 2145 793 2220 iisdem
820 2141 989 2219 vertebris
1016 2149 1068 2214 est
1094 2143 1312 2240 compositus.
1365 2137 1557 2218 vertebrae
1573 2143 1729 2220 dorsales
1746 2147 1823 2242 pri-

360 2305 428 2376 ma,
453 2281 604 2358 secunda
630 2292 667 2355 et
687 2283 787 2356 tertia
813 2279 921 2374 spinis
946 2274 1073 2366 longis,
1099 2277 1205 2346 rectis
1230 2283 1265 2344 et
1286 2272 1435 2346 robustis
1461 2275 1630 2368 gaudent3
1664 2280 1699 2350 iu
1733 2301 1821 2351 ver-

359 2415 466 2492 tebris
489 2425 606 2512 quarta
631 2415 674 2488 sd
698 2422 846 2502 sextam,
869 2408 928 2482 uhi
953 2415 1155 2480 curvaturae
1181 2408 1357 2480 summitas
1383 2417 1449 2502 est,
1474 2412 1647 2506 spinarum
1666 2414 1727 2485 vix
1752 2431 1820 2486 re·

357 2555 495 2646 stipium
530 2551 765 2626 observamus.
827 2548 950 2635 Quinta
985 2554 1150 2618 etsexta
1186 2543 1346 2617 vertebra
1383 2548 1418 2618 iu
1446 2545 1567 2620 dextro
1598 2569 1699 2622 arcus
1722 2559 1819 2645 parto

362 2686 519 2782 ancylosi
551 2689 641 2758 iuter
671 2705 712 2755 se
739 2681 918 2772 conjuncta
944 2686 1033 2752 suut.
1086 2677 1126 2752 lu
1151 2675 1311 2752 vertebra
1338 2687 1483 2772 octava,
1509 2703 1602 2756 nona
1628 2693 1664 2758 et
1686 2685 1821 2762 decima
1890 2737 1895 2751 ·

359 2823 479 2916 spinae
504 2820 611 2892 iissre
636 2821 713 2893 sive
735 2821 847 2914 potius
873 2817 1026 2914 duplices
1053 2826 1140 2890 suut.
1192 2815 1359 2890 Decimae
1384 2817 1566 2908 vertebrae
1582 2827 1723 2915 utraque
1742 2822 1821 2918 spi-

356 2980 401 3030 na
418 2955 461 3030 ad
487 2978 602 3030 arcum
628 2977 736 3050 usque
762 2954 856 3048 lissa,
879 2955 996 3048 longa,
1021 2955 1281 3051 retrospiciens,
1306 2957 1342 3026 iu
1367 2958 1466 3052 apice
1494 2953 1726 3052 apophysibus
1753 2978 1819 3030 os-

355 3096 449 3184 seis,
482 3095 634 3190 capitetis
660 3093 834 3188 praedita,
859 3093 994 3190 pollicis
1019 3094 1156 3166 circiter
1180 3094 1288 3188 spatio
1317 3090 1436 3182 distat,
1470 3094 1506 3164 iu
1541 3083 1701 3168 vertebra
1726 3115 1818 3166 nous

356 3230 527 3323 spinarum
567 3227 684 3322 apices
715 3235 786 3298 tros
817 3225 962 3322 pollices
996 3249 1082 3302 ase
1114 3229 1264 3302 invicem
1296 3234 1450 3300 remotae
1477 3235 1555 3300 sunt
1589 3235 1624 3298 et
1646 3227 1714 3300 hoc
1736 3226 1816 3300 loco

354 3359 461 3434 lovea
488 3385 588 3459 supra
616 3371 804 3436 memorata
839 3386 858 3434 a
893 3363 999 3458 spinis
1030 3363 1203 3456 utriusque
1229 3361 1344 3434 lateris
1380 3368 1453 3432 erat
1487 3359 1628 3433 incluse.
1683 3360 1815 3434 Octava

325 3492 330 3502 “
357 3501 393 3566 et
418 3515 508 3566 nona
536 3493 695 3569 vertebra
731 3517 816 3568 vero
855 3517 898 3569 eo
933 3517 953 3566 a
987 3493 1121 3568 decima
1144 3495 1319 3584 differunt,
1354 3504 1390 3567 nt
1413 3497 1449 3567 in
1474 3499 1516 3568 iis
1545 3499 1673 3570 sinistri
1697 3498 1815 3572 luteris

354 3630 476 3726 spinam
502 3631 678 3720 sejunctae
710 3634 795 3720 sint,
827 3633 863 3704 in
899 3630 1018 3704 dextm
1048 3639 1159 3704 autem
1191 3631 1301 3703 latere
1326 3634 1361 3703 iu
1386 3633 1517 3728 spinam
1542 3655 1641 3708 mam
1670 3657 1814 3730 eamque

352 3765 507 3838 latiorem
544 3765 701 3839 coalitee.
761 3764 975 3841 observatur
1005 3785 1138 3859 qnoque
1173 3767 1207 3836 in
1240 3764 1308 3838 hoc
1339 3765 1447 3841 lutere
1473 3791 1615 3842 arcuum
1638 3769 1813 3865 ancylosis

353 3905 442 3976 iuter
474 3910 649 3996 utramque
682 3900 890 3976 vertebram.
943 3899 1070 3995 Spiuae
1098 3897 1250 3994 duplices
1276 3909 1347 3972 tres
1374 3923 1437 3997 per
1463 3923 1599 3976 omnem
1623 3902 1813 3996 longitudi-

353 4059 432 4112 nem
459 4037 589 4110 divisoe
613 4039 828 4134 reperiuntur
853 4045 954 4132 atque
981 4043 1074 4134 patet
1099 4037 1188 4108 iuter
1213 4057 1273 4108 eas
1299 4038 1373 4133 ipse
1409 4037 1537 4112 canalis
1569 4059 1632 4138 pro
1664 4035 1811 4110 medulla

351 4171 483 4270 spinuli.
535 4171 728 4248 vertebrae
753 4174 919 4270 septimae
945 4175 1043 4268 spius
1071 4171 1218 4268 simplex
1242 4181 1277 4244 et
1289 4171 1383 4268 justo
1403 4173 1504 4248 latior
1527 4185 1593 4266 est,
1618 4175 1638 4246 7
1665 4173 1811 4270 pollices

350 4305 453 4403 longo
488 4319 523 4382 et
555 4312 718 4407 inspice
751 4319 822 4383 tres
850 4309 938 4401 lata,
971 4311 1202 4382 sinistrorsum
1229 4317 1263 4382 et
1287 4317 1475 4382 retrorsum
1503 4308 1643 4386 directo.
1695 4311 1810 4384 Arcus

350 4443 533 4518 venebrae
559 4448 724 4542 septimae
751 4455 788 4520 et
810 4453 932 4518 sextoe
958 4445 994 4518 in
1020 4443 1141 4518 dextro
1166 4443 1274 4518 lutere
1294 4448 1443 4542 itemque
1458 4447 1582 4520 lamina
1596 4467 1700 4521 ossea
1717 4469 1809 4520 con-

347 4575 458 4672 juncti
482 4589 569 4652 sont
621 4581 661 4654 ln
686 4591 788 4656 sexta
813 4579 972 4658 vertebra
998 4602 1067 4655 uon
1093 4578 1354 4678 deprehenditur
1379 4585 1499 4680 spina,
1526 4585 1560 4656 iu
1588 4585 1701 4677 quinta
1725 4585 1808 4656 exi-

349 4737 437 4812 guus
462 4716 557 4792 adest
582 4741 766 4816 processus
792 4722 950 4816 spinosus
975 4719 1010 4792 iu
1035 4721 1208 4794 sinistrum
1233 4717 1321 4793 latus
1347 4717 1493 4794 iuflexus
1520 4727 1555 4792 et
1571 4741 1647 4790 cum
1668 4715 1807 4812 scapulo

347 4854 544 4926 accessorio
577 4860 752 4950 synestosi
785 4860 1025 4944 commissus.¹
1061 4857 1238 4936 costarum
1272 4879 1434 4934 uumerus
1458 4859 1614 4954 utrinque
1640 4851 1807 4930 tredecim

1579 4969 1600 5034 3
