4716 5846
531 785 667 862 multum
695 786 937 876 abhorrentes,
975 807 1051 858 cum
1079 781 1207 856 dextris
1234 781 1338 856 multo
1364 780 1545 857 hreviores
1572 791 1764 858 extrorsum
1790 796 1825 860 et
1857 797 1995 862 retror-

536 945 610 996 sum
634 922 789 998 reflexae
806 926 885 1012 sint,
911 943 978 1014 quo
1004 921 1146 992 interior
1172 941 1288 992 earum
1314 919 1425 992 iacies
1453 919 1606 992 exterior
1631 919 1709 1008 het;
1734 931 1829 996 costa
1856 923 1995 998 sinistra

533 1061 640 1154 prima
669 1061 818 1152 itemque
850 1056 1052 1130 brevissima
1086 1077 1164 1128 cum
1196 1053 1347 1128 secunda
1381 1053 1540 1146 longiore
1577 1054 1710 1148 quidem
1739 1068 1840 1154 caput
1867 1081 1991 1134 versus

533 1205 669 1285 evecto,
694 1195 802 1284 tangit
826 1191 980 1265 dextrum
1008 1194 1162 1288 accipitis
1184 1197 1327 1286 partem.
1379 1185 1483 1260 Costa
1506 1199 1622 1282 quarta
1650 1213 1727 1268 cum
1755 1195 1868 1288 quinta
1897 1195 1993 1268 ussi-

533 1331 690 1404 hcatione
718 1347 897 1416 connexa3
924 1338 1045 1400 sextae
1072 1328 1154 1401 lene
1179 1325 1363 1418 vestigium
1388 1325 1451 1396 vix
1485 1323 1763 1420 deprehenditur.

634 1463 714 1537 ossi
740 1483 841 1534 sacro
869 1462 1010 1538 dextrae
1043 1466 1164 1560 spinae
1203 1459 1246 1532 ah
1273 1468 1414 1553 unaque
1439 1468 1536 1556 parte
1563 1481 1643 1533 ossa
1672 1465 1877 1538 innominata
1903 1464 1993 1538 ada-

532 1609 623 1697 ptata
648 1606 734 1668 snut.
788 1597 923 1671 Sinistri
948 1600 1064 1673 lateris
1090 1621 1130 1673 os
1147 1596 1240 1670 ilium
1266 1598 1395 1692 puriter
1420 1604 1521 1690 atque
1547 1595 1591 1667 de
1618 1601 1724 1672 costis
1751 1603 1895 1672 sinistris
1922 1599 1996 1674 dixi

535 1733 702 1806 reflexum
729 1740 782 1804 est
806 1731 985 1828 deficitque
1012 1734 1100 1807 hanc
1124 1732 1167 1806 oh
1194 1754 1332 1806 oausam
1355 1731 1552 1827 symphpsis
1579 1735 1706 1806 ossium
1731 1733 1830 1830 pubis
1852 1744 1887 1807 et
1913 1757 1994 1808 mu-

532 1876 620 1939 tatur
647 1865 772 1938 exinde
800 1869 882 1940 situs
906 1870 1032 1964 pedum
1059 1873 1118 1962 ita,
1146 1877 1273 1941 utnon
1297 1869 1451 1956 intemis‚
1474 1865 1537 1938 sed
1564 1870 1714 1939 externis
1741 1869 1903 1943 lateribus
1926 1869 1993 1946 sihi

532 2003 770 2099 approximati,
797 2023 836 2074 se
861 2011 1001 2099 tangant
1027 2027 1136 2099 enque
1161 2004 1286 2102 pedum
1312 2000 1402 2075 insio
1426 2004 1461 2073 in
1486 2001 1554 2076 hoc
1581 2023 1663 2075 essu
1684 2025 1747 2076 usu
1768 2006 1889 2078 venire
1904 2027 1993 2102 pos-

536 2141 592 2229 sit,
619 2161 705 2232 quae
732 2139 879 2214 sirenum
903 2140 1054 2236 legitima
1082 2149 1136 2214 est
1162 2149 1197 2214 et
1221 2142 1256 2211 in
1284 2161 1349 2233 qua
1374 2137 1470 2232 digiti
1487 2139 1614 2232 minimi
1633 2137 1815 2229 conluunt,
1841 2141 1993 2218 halluces

536 2284 699 2348 externos
724 2276 822 2371 pedis
850 2277 1011 2375 duplicati
1033 2281 1205 2372 margines
1231 2283 1359 2348 tenent.

636 2411 736 2499 Quot
754 2410 825 2507 jam
852 2417 969 2488 attinet
992 2415 1035 2488 ad
1059 2417 1189 2511 spinam
1216 2415 1384 2488 sinistram
1411 2413 1489 2484 sive
1522 2413 1779 2502 accessorium„
1813 2434 1856 2484 ea
1882 2417 1993 2508 magis

533 2547 627 2620 mdis
653 2556 688 2622 et
713 2549 913 2646 imperfecta
940 2560 1004 2624 est.
1058 2548 1199 2622 Constet
1222 2551 1313 2621 enim
1340 2549 1522 2620 maximnm
1546 2555 1676 2642 partem
1702 2557 1826 2622 tantum
1861 2574 1881 2624 e
1909 2573 1995 2625 cor-

531 2682 671 2780 poribus
696 2695 730 2755 et
758 2684 910 2758 cruribus
944 2707 1082 2756 arcuum
1115 2685 1274 2758 sinistris.
1327 2679 1481 2778 Corpora
1515 2680 1751 2756 vertebrarum
1778 2690 1994 2783 superiorum

537 2844 612 2894 cum
641 2822 779 2894 alterius
817 2823 936 2916 spinae
972 2820 1172 2916 corporibus
1205 2841 1429 2916 peromnem
1457 2817 1535 2890 colli
1563 2826 1597 2890 et
1623 2817 1773 2892 thoracis
1800 2821 1993 2914 longitudi-

541 2979 620 3034 nem
648 2965 810 3030 concreta
834 2966 921 3030 sunt.
972 2949 1212 3042 Vertehrardm
1239 2955 1436 3029 coalitarum
1462 2975 1621 3028 numerus
1643 2975 1706 3048 pro
1734 2963 1829 3028 certo
1864 2955 1996 3030 confir-

533 3095 708 3166 morinen
734 3101 869 3192 potest,
894 3091 1077 3166 vertebrae
1103 3093 1273 3165 lumhares
1300 3099 1444 3186 mutuor
1468 3089 1611 3180 adsunt,
1638 3093 1727 3162 sacri
1755 3112 1836 3164 ossa
1870 3091 1993 3186 (modo

530 3229 625 3326 plura
658 3249 783 3302 revera
816 3228 954 3322 adsunt)
988 3227 1097 3302 lormu
1132 3237 1166 3301 et
1199 3231 1265 3301 situ
1299 3228 1435 3300 multum
1471 3226 1639 3302 differunt.
1702 3224 1809 3300 Crura
1843 3249 1995 3319 arcuum,

534 3387 620 3459 quae
647 3385 715 3436 non
741 3366 808 3436 uisi
832 3367 867 3438 in
893 3367 1029 3439 sinistro
1055 3366 1152 3457 hujus
1178 3367 1298 3460 spinae
1323 3364 1431 3438 latere
1457 3365 1626 3459 reperies,
1652 3386 1699 3438 ex
1724 3373 1820 3461 parte
1843 3367 1931 3438 inter
1954 3386 1995 3438 se

536 3511 682 3574 connata
716 3521 796 3574 esse
831 3500 1009 3592 uidentur,
1037 3523 1135 3596 quum
1160 3499 1253 3597 justo
1286 3505 1414 3593 majora
1450 3475 1636 3598 appareant
1659 3523 1773 3598 neque
1799 3502 1995 3597 regularem

534 3636 767 3711 vertebrarum
793 3660 969 3710 numerum
997 3648 1153 3733 aequent.
1206 3638 1334 3735 Spinne
1366 3637 1489 3712 bintae
1524 3640 1676 3736 speeiem
1711 3639 1767 3712 hic
1803 3639 1992 3712 ohservare

532 3773 615 3846 licet
637 3774 858 3870 peculiarem,
885 3776 961 3871 quia
988 3797 1086 3846 crura
1110 3773 1343 3849 vertebrarum
1365 3778 1399 3848 in
1427 3775 1548 3848 dextro
1574 3773 1683 3846 latere
1709 3775 1821 3846 omnia
1849 3772 1993 3860 desuut;

533 3910 658 3981 sinistri
673 3909 788 3986 lateris
806 3932 905 3983 crura
931 3932 1018 3984 vero
1047 3920 1239 3984 extrorsum
1266 3908 1395 3981 reflexa
1421 3917 1597 4005 apparent.
1649 3907 1856 3980 Proximos
1882 3909 1994 4002 cupite

535 4041 719 4118 vertebrae
742 4045 821 4119 colli
846 4068 998 4119 summae
1022 4069 1100 4121 crus
1126 4045 1319 4140 regularem
1334 4046 1433 4118 situm
1460 4043 1590 4118 obtinet
1613 4051 1648 4114 et
1662 4045 1769 4135 tangit
1783 4065 1900 4114 arcum
1917 4044 1996 4139 spi-

533 4201 599 4252 nae
626 4177 774 4252 dextrae
800 4202 862 4254 seu
889 4183 1063 4275 normalis,
1089 4207 1154 4280 qua
1178 4207 1218 4257 re
1243 4184 1397 4257 introitus
1423 4183 1459 4256 in
1489 4178 1642 4252 canalem
1669 4177 1832 4275 spinulam
1861 4177 1994 4252 icrmn-

537 4325 603 4406 tur,
630 4318 687 4409 qui
713 4314 811 4390 simnl
836 4315 1011 4392 foraminis
1037 4323 1152 4415 magni
1173 4319 1253 4394 locu
1281 4330 1347 4395 est.

637 4449 723 4524 (lum
750 4450 921 4526 vertebris
946 4452 1128 4527 thoraciois
1152 4459 1296 4530 sinistris
1325 4457 1541 4530 articulantur
1565 4461 1683 4526 cosme
1703 4472 1844 4542 norem,
1872 4474 1993 4528 omnes

535 4592 625 4664 inter
657 4611 696 4664 se
732 4597 916 4662 concretae
950 4611 1061 4685 neque
1087 4591 1153 4662 nisi
1174 4593 1211 4663 in
1235 4595 1450 4665 extremitate
1476 4588 1859 4678 anterioredistautes3
1883 4593 1993 4689 prima

535 4723 738 4817 brevissima
763 4735 798 4798 at
822 4727 971 4802 secunda
1000 4729 1136 4802 omuino
1163 4728 1377 4822 conjunctae,
1404 4729 1553 4824 itemque
1581 4727 1667 4800 dnae
1685 4723 1834 4802 intimae.
1888 4723 1994 4798 (insta
