4716 5846
383 903 439 996 qui
462 909 559 974 extra
585 899 703 975 urbem
728 900 920 980 morborum
948 921 1063 972 curam
1090 909 1276 990 exercent,
1301 921 1446 994 unquam
1474 901 1574 976 desiit
1598 907 1672 995 uti,
1697 913 1753 977 ont
1777 927 1845 1000 pa·

382 1039 505 1110 cuniae
530 1041 687 1134 pepercit
711 1048 753 1109 ut·
770 1059 863 1112 nova
890 1033 1116 1109 monstrorum
1140 1039 1348 1133 specimina,
1380 1057 1520 1130 quornm
1546 1047 1619 1110 arat
1645 1042 1845 1114 curiosissi-

377 1193 469 1262 mus,
496 1171 540 1245 ad
555 1173 746 1266 aagendam
763 1141 1000 1248 collectionem
1019 1171 1225 1266 adquireret,
1253 1172 1401 1268 mihique
1418 1173 1483 1266 ipsi
1500 1176 1642 1266 contigit
1656 1184 1700 1247 ot·
1718 1194 1845 1248 enem-

379 1305 486 1404 plaria
521 1307 685 1404 quaedam
720 1308 905 1382 rarioribus
939 1307 1057 1382 formis
1091 1311 1277 1404 conspicua
1303 1306 1362 1378 vet
1389 1303 1541 1378 emerem
1567 1308 1624 1380 vel
1649 1309 1739 1385 dono
1766 1311 1845 1384 data

381 1447 588 1540 acciperem.
641 1445 749 1532 Quum
783 1468 870 1519 vero
906 1444 1027 1517 beatus
1061 1445 1171 1518 vird.
1196 1443 1253 1514 Fr.
1280 1440 1534 1516 Maobelius
1569 1443 1725 1517 animalia
1752 1449 1845 1520 vitiis

381 1579 504 1650 edecta
539 1578 633 1674 plura
662 1591 696 1654 et
721 1581 878 1654 similium
903 1581 1052 1654 foetuum
1082 1580 1301 1652 bumanorum
1328 1577 1505 1650 cobortem
1538 1577 1717 1674 majorem‘
1732 1583 1845 1656 colla-

380 1716 503 1805 gisset,
531 1736 630 1807 quam
656 1737 755 1809 quaa,
779 1715 861 1788 licet
886 1715 1162 1810 diligentissimus
1189 1717 1246 1809 qui
1266 1711 1340 1802 init,
1367 1713 1571 1787 cadaverum
1598 1707 1727 1789 incisor
1753 1740 1845 1789 exa-

381 1852 512 1921 minare
530 1853 643 1922 omnia
669 1852 745 1946 ipse
767 1862 899 1947 posset,
926 1852 1140 1925 collectionis
1155 1848 1295 1922 baeredi
1311 1849 1391 1920 mibi
1406 1849 1486 1924 inde
1502 1859 1636 1924 enatum
1665 1862 1729 1943 est,
1758 1875 1844 1948 quae

379 1983 489 2056 adbuc
520 1989 653 2079 integra
679 1985 861 2078 jacebant,
902 1987 1115 2076 dissecandi,
1151 1994 1351 2082 praeparata
1384 1985 1521 2081 publico
1545 1988 1622 2058 usui
1649 1989 1844 2082 exponendi

379 2143 539 2215 novaque
577 2121 791 2196 describendi
822 2123 982 2196 officium.
1045 2123 1229 2194 Praeterea
1265 2143 1394 2216 operae
1420 2125 1564 2217 pretium
1588 2119 1738 2195 lauturus
1764 2123 1845 2197 mibi

378 2256 522 2332 videbar
555 2261 584 2330 si
620 2257 905 2352 disquisitionibus
941 2259 1140 2347 anatomicis
1174 2259 1431 2328 accuratissimo
1462 2259 1619 2328 institutis
1656 2258 1843 2355 periculum

377 2392 526 2466 subirem
554 2393 714 2488 numquid
739 2393 838 2487 loges
866 2402 900 2464 et
923 2396 1034 2484 signa,
1063 2413 1148 2487 quae
1167 2395 1200 2464 in
1226 2392 1424 2467 evolutione
1451 2389 1674 2487 embryonum
1701 2415 1845 2466 norma.-

378 2529 459 2604 lium
495 2529 747 2620 observantur,
783 2532 915 2626 possint
945 2527 1108 2624 applicari
1142 2526 1186 2598 ad
1221 2527 1456 2624 explicandam
1501 2531 1670 2661 originem
1703 2529 1844 2620 ordinis,

380 2684 482 2759 quem
505 2685 607 2758 supra
635 2666 780 2738 diximus
806 2675 1033 2739 monstrorum
1060 2662 1253 2760 duplicium.

482 2836 512 2910 J.
542 2833 765 2931 Geoilrop
791 2831 1127 2907 Saint-Hilaire
1144 2827 1181 2925 *)
1208 2832 1342 2927 quidem
1374 2833 1529 2908 dissertis
1556 2833 1670 2909 verbis
1697 2843 1845 2910 senten-

377 2974 459 3044 tiam
486 2994 579 3046 snam
607 2971 651 3042 de
678 2971 838 3042 monstris
863 2967 1080 3065 polymelicis
1102 2971 1148 3040 ita
1173 2971 1424 3065 pronuntiavit,
1456 2979 1562 3042 ntea
1589 2993 1608 3042 e
1635 2969 1843 3066 germinibus

380 3107 510 3180 duobus
546 3109 733 3202 composito
766 3103 928 3196 baberet,
964 3107 1063 3179 sicuti
1098 3106 1173 3180 aliis
1208 3105 1295 3178 locis
1332 3105 1375 3178 de
1410 3109 1570 3181 monstris
1594 3105 1781 3203 duplicibus
1809 3116 1845 3180 et

378 3245 570 3340 parasitiois
605 3242 794 3316 declaravit
818 3237 887 3334 **).
957 3243 1055 3330 Quae
1088 3265 1176 3316 vero
1213 3241 1256 3314 de
1292 3245 1425 3336 origine
1459 3243 1578 3316 borum
1614 3252 1843 3316 monstrorum

379 3383 514 3470 sentiat,
540 3401 609 3452 non
637 3403 682 3450 ex
707 3381 780 3474 ipsa
806 3378 1014 3450 evolutiouis
1040 3379 1179 3452 historia
1206 3378 1361 3466 deduxit,
1390 3377 1452 3450 sed
1478 3389 1697 3472 argumenta,
1723 3378 1843 3474 quibus

377 3515 445 3587 boe
472 3513 538 3586 sibi
570 3517 757 3609 persuasit,
785 3535 805 3584 a
831 3515 922 3585 serie
948 3517 1081 3609 potius,
1105 3519 1141 3587 in
1169 3537 1268 3610 qnam
1295 3524 1443 3587 monstra
1468 3515 1650 3612 parasitica
1676 3518 1751 3610 ipse
1777 3535 1842 3584 re-

296 3699 300 3714 ·
379 3648 473 3744 degit
499 3659 533 3722 et
560 3645 936 3743 emyelaeepbalomm
963 3653 1112 3721 maxima
1136 3651 1276 3724 historia
1303 3650 1498 3747 depromsit.
1550 3649 1661 3724 Recte
1684 3653 1738 3726 vir
1765 3650 1842 3723 ola-

376 3813 676 3829 ......-....--.----.-.-.

418 3901 448 3994 *)
474 3905 504 3963 L.
527 3924 549 3963 o.
571 3921 632 3980 pag.
652 3901 724 3962 284.
769 3903 808 3962 On
830 3906 894 3974 voit,
917 3923 966 3980 par
989 3913 1059 3964 cette
1081 3905 1206 3964 derniere
1230 3923 1389 3980 remrrqne,
1421 3917 1474 3982 qne
1492 3907 1522 3980 je
1545 3906 1688 3964 considere
1710 3923 1746 3962 un
1764 3923 1840 3964 mon·

462 4017 518 4066 stre
547 4007 727 4082 polymdtien,
762 4008 835 4064 aussi
863 4007 926 4064 bien
954 4026 1006 4082 que
1030 4019 1089 4066 tout
1108 4019 1184 4066 autre
1207 4018 1328 4066 monstra
1351 4009 1451 4068 double
1469 4010 1643 4083 parasitaire,
1674 4027 1779 4068 comme
1802 4028 1840 4066 un

463 4116 520 4169 dtre
551 4109 778 4168 essentiallement
799 4111 928 4184 composta
952 4111 985 4168 de
1009 4112 1078 4169 deux
1100 4113 1201 4184 qu'ets3
1224 4111 1280 4169 l'un
1303 4112 1444 4187 principal,
1466 4112 1668 4186 generalement
1691 4111 1752 4170 bien
1775 4130 1838 4170 oon·

462 4215 550 4272 iormd
581 4221 609 4270 ot
626 4214 758 4286 autositep
784 4213 882 4272 l'rutra
904 4216 1072 4283 accusemne,
1096 4217 1251 4289 incomplet,
1273 4217 1359 4290 gretie
1380 4233 1429 4274 sur
1448 4215 1473 4273 le
1495 4217 1614 4290 premier
1634 4225 1661 4274 et
1685 4217 1773 4274 vivant
1792 4233 1838 4290 pa.

461 4319 667 4392 rusitiquemsnt
688 4319 702 4372 b
725 4334 769 4374 ses
791 4317 903 4394 depone.

422 4447 464 4516 ”l
487 4453 516 4511 L.
538 4471 560 4510 c.
584 4471 644 4528 pag.
669 4453 717 4512 ll.
740 4485 781 4496 -
804 4463 830 4510 et
854 4453 919 4510 c'est
940 4453 1076 4526 pourquoi
1096 4454 1143 4528 J'ai
1167 4471 1215 4511 cru
1237 4454 1331 4512 devoir
1353 4455 1393 4514 les
1416 4456 1528 4526 despair,
1552 4473 1608 4512 non
1631 4453 1679 4510 des
1701 4463 1838 4512 monstres

464 4557 565 4614 lormbs
597 4575 647 4632 par
675 4558 700 4614 la
729 4558 845 4616 reunion
872 4556 906 4614 de
935 4556 1005 4614 deur
1034 4574 1069 4614 ou
1100 4555 1234 4631 plusieurs
1265 4557 1399 4616 individue
1430 4559 1600 4636 (delinifica,
1630 4558 1677 4632 qui
1699 4557 1837 4614 d'ailleurs

463 4659 670 4732 n’exprimernit,
694 4661 794 4736 qo'une
818 4659 878 4718 idda
892 4659 989 4732 urnie),
1011 4660 1077 4716 mais
1100 4661 1250 4719 seulement
1273 4661 1335 4720 des
1358 4673 1542 4720 monstres
1565 4661 1651 4718 oben
1674 4658 1836 4734 desquels

465 4779 500 4818 on
532 4771 627 4820 trouve
656 4765 748 4822 rdunis
771 4764 811 4821 les
834 4765 970 4831 dldmcns,
1001 4763 1054 4820 soit
1079 4739 1225 4838 complete,
1248 4765 1301 4822 soit
1319 4767 1496 4840 incomptets,
1517 4765 1551 4822 de
1573 4763 1642 4821 deux
1663 4780 1700 4819 ou
1722 4763 1755 4819 de
1776 4760 1835 4836 plu·

463 4865 551 4922 sienrs
574 4866 666 4938 srrjets.

1581 4959 1630 5024 ,r
