4716 5846
450 935 514 1010 sed
550 901 706 1023 diuersa,
740 953 852 1027 neque
883 929 1215 1027 praetermittendum
1243 930 1423 1021 juncturae
1457 927 1569 1002 locum
1599 931 1633 1001 in
1669 929 1721 1000 bis
1755 933 1914 1004 monstris

451 1073 642 1170 neutiquam
671 1089 746 1140 cam
774 1077 973 1140 structuram
1001 1065 1142 1156 babere,
1170 1088 1254 1160 quae
1281 1068 1314 1138 in
1341 1066 1436 1137 foetu
1450 1065 1594 1160 simplici
1613 1063 1803 1158 eodemque
1820 1073 1916 1137 recte

451 1207 595 1280 formato
623 1207 807 1278 invenitur.

555 1338 628 1414 Sed
654 1339 757 1411 multo
784 1337 895 1432 major
921 1341 1089 1432 origiuem
1114 1336 1308 1434 explicandi
1336 1335 1514 1408 difficultas
1542 1337 1636 1407 iniis
1664 1341 1824 1408 monstris
1852 1346 1917 1428 est,

452 1479 510 1552 ubi
537 1487 653 1550 natura
681 1478 844 1571 partium,
875 1497 961 1568 quac
989 1473 1178 1546 accolitus
1212 1471 1400 1545 fautoribus
1429 1473 1566 1562 junctae
1601 1471 1774 1559 dicuntur,
1808 1474 1917 1564 magis

453 1617 630 1708 magisque
665 1609 794 1700 dillert,
829 1613 863 1681 in
895 1611 1054 1682 monstris
1086 1611 1262 1699 nimirum,
1293 1629 1380 1702 quac
1410 1607 1679 1680 extremitatibus
1711 1609 1919 1678 accessoriis

454 1748 623 1844 gaudent,
657 1751 691 1818 in
725 1745 872 1816 diversis
905 1745 996 1843 locis
1019 1747 1209 1841 suspensis.
1268 1743 1472 1816 Isidorus
1506 1741 1727 1837 Gecffroy
1760 1741 1917 1814 Saint-

455 1875 675 1973 ttitairet)
704 1878 970 1953 deformitatibus
1006 1880 1103 1970 hujus
1131 1879 1259 1953 ordinis
1286 1886 1512 1950 monstrorum
1539 1877 1822 1973 polymclicorum
1848 1901 1918 1950 no-

349 2011 358 2028 '
456 2041 535 2092 men
568 2017 661 2092 dedit
688 2018 833 2110 quinque
861 2037 991 2109 genera
1021 2016 1247 2110 distinguens.
1297 2012 1444 2084 Primum
1473 2034 1586 2106 genus
1616 2012 1918 2110 Cephalome-

454 2155 598 2228 lorum
624 2155 762 2225 nomine
789 2151 973 2248 appellavit
997 2161 1137 2249 propter
1162 2151 1283 2247 pedem
1309 2149 1412 2243 capiti
1435 2145 1592 2235 affixum,
1619 2147 1805 2220 secundum
1833 2149 1919 2222 Ga-

456 2286 776 2362 stromelorum
805 2298 877 2378 cst,
913 2291 967 2360 cui
1000 2287 1107 2384 pedes
1141 2287 1389 2383 supervacanei
1425 2287 1511 2356 inter
1535 2284 1644 2380 pedes
1671 2286 1858 2357 anteriores
1885 2294 1920 2358 et

455 2427 675 2522 posteriores·
689 2426 723 2496 in
740 2424 921 2496 abdomine
936 2423 1169 2520 propendent3
1195 2423 1327 2492 tertium
1356 2418 1591 2494 Notomela
1617 2429 1807 2516 nuncupata
1830 2429 1920 2511 sunt,

457 2565 613 2657 quoniam
648 2561 715 2634 hoc
748 2559 804 2632 ubi
831 2559 945 2649 volet,
982 2558 1089 2654 pedes
1128 2559 1314 2628 accessorii
1349 2559 1443 2650 quasi
1470 2579 1499 2627 e
1536 2555 1639 2634 dorso
1676 2556 1919 2652 propudulant3

456 2705 608 2792 quonum
642 2718 773 2788 genus,
817 2694 906 2791 opud
932 2715 1028 2766 oues
1061 2693 1391 2785 frequentissimum,
1421 2691 1761 2786 Pygomelorum
1795 2714 1920 2766 nomen

456 2833 633 2927 accepite
661 2827 803 2926 podibus
828 2827 1006 2926 superfluis
1034 2830 1067 2900 in
1093 2829 1235 2920 regione
1258 2824 1396 2922 pelvina
1424 2827 1577 2898 insertis¹
1632 2827 1789 2914 Quintum
1817 2828 1920 2900 deni-

459 2989 525 3060 que
544 2968 715 3060 genus-ita
730 2973 782 3036 est
800 2973 1042 3061 comparatum,
1069 2971 1104 3032 ut
1118 2965 1173 3054 iis,
1201 2965 1256 3057 qui
1273 2960 1504 3057 duplicitatem
1520 2969 1745 3034 monstrosam
1762 2988 1782 3058 a
1799 2964 1920 3061 bipar-

457 3103 577 3177 titione
604 3102 791 3194 germinum
818 3101 895 3174 siue
917 3122 937 3170 a
960 3097 1139 3171 divisione
1165 3101 1306 3194 partium
1333 3096 1446 3170 foetus
1473 3096 1644 3190 cujusdam
1668 3097 1826 3173 derivare
1842 3111 1919 3172 stu-

460 3235 553 3324 dent,
572 3275 575 3282 *
594 3237 757 3308 maxime·
776 3236 819 3306 sit
845 3232 1057 3308 commodum
1087 3241 1121 3304 et
1141 3233 1263 3306 nullum
1285 3233 1359 3305 fere
1385 3232 1658 3329 impedimentum
1693 3235 1771 3308 lruic
1798 3236 1920 3309 decla-

458 3371 555 3446 randi
581 3374 704 3445 rationi
730 3370 874 3464 objiciat.
926 3369 1002 3443 lloo
1028 3379 1254 3443 monstrorum
1281 3390 1391 3462 genus
1416 3368 1653 3442 Melomela
1679 3369 1736 3443 ille
1760 3375 1919 3460 vocavit3

459 3517 641 3608 propterca
669 3507 759 3604 quod
785 3483 927 3602 pedibus
954 3516 1091 3596 praeter
1116 3505 1250 3580 solitum
1277 3527 1452 3578 numerum
1478 3507 1615 3600 insigne
1648 3517 1700 3580 est
1719 3531 1793 3582 cum
1820 3507 1920 3605 pedi-

457 3645 522 3718 bus
549 3644 761 3740 regularibus
794 3640 995 3738 conjunctis.

563 3782 700 3878 Duplex
733 3803 835 3854 causa
870 3788 941 3870 est,
976 3803 1036 3852 cur
1072 3780 1114 3852 dc
1149 3784 1308 3854 monstris
1340 3779 1586 3878 compedibus
1614 3779 1839 3874 multiplicatis
1866 3777 1922 3850 hic

459 3919 559 4014 paulo
587 3919 693 3991 fusius
729 3939 884 4010 agamus.
935 3915 1083 3988 Primum
1117 3924 1256 3987 movent
1291 3919 1413 4010 copiae
1439 3919 1548 3987 musei
1574 3918 1680 3987 nostri
1707 3912 1922 4010 teratologici

436 4054 542 4125 satis
557 4051 688 4144 largae,
706 4063 741 4124 ut
757 4070 857 4122 casus
873 4049 1039 4141 eligamus
1057 4048 1191 4140 dignos,
1210 4049 1265 4142 qui
1283 4046 1528 4122 describuntur.
1563 4049 1593 4122 J.
1612 4048 1650 4120 F.
1667 4048 1922 4122 llleclrelius

462 4190 563 4264 enim·
579 4206 679 4281 quum
714 4187 757 4259 dc
796 4185 989 4282 duplicitate
1016 4192 1209 4256 monstrosa
1233 4187 1508 4258 commentarium
1534 4189 1569 4258 in
1594 4185 1763 4281 publicum
1791 4185 1922 4277 ederet,

461 4347 574 4420 neque
600 4332 656 4396 aut
686 4321 931 4415 familiaritate,
966 4343 1063 4418 quam
1098 4340 1175 4391 cum
1209 4317 1352 4392 medicis
1387 4327 1525 4394 nostrae
1553 4321 1645 4394 urbis
1673 4330 1707 4394 et
1731 4323 1774 4393 iis
1796 4321 1922 4414 habuit,

505 4573 533 4653 ¹)
551 4576 669 4632 llistoirc
708 4573 836 4649 gdndrrde
866 4585 892 4633 ct
920 4576 1093 4650 particulidre
1115 4577 1162 4634 des
1191 4577 1338 4634 anomalies
1362 4577 1396 4634 de
1423 4576 1627 4651 l'orgauisation
1657 4576 1721 4634 cheu
1744 4577 1874 4638 l'lrommc
1896 4589 1922 4636 at

548 4677 588 4736 les
617 4678 747 4735 anirnaur.
792 4677 875 4736 Teme
896 4679 1043 4737 truisidme.
1072 4679 1148 4737 Paris
1174 4680 1265 4740 lesu.
1296 4677 1324 4738 8.
1358 4697 1419 4755 pag.
1446 4679 1517 4737 262.
1543 4709 1579 4721 -
1626 4679 1759 4738 Generum
1792 4699 1922 4740 numeros

548 4783 576 4838 io
598 4780 648 4838 hac
670 4781 896 4842 commentatione
918 4785 954 4841 ita
976 4785 1147 4854 commutavi,
1170 4793 1199 4842 ot
1222 4785 1295 4858 quod
1310 4785 1397 4858 primo
1419 4784 1481 4843 loco
1504 4793 1596 4852 staret,
1619 4794 1716 4858 quartu
1739 4787 1923 4844 adscriberem

526 4893 577 4942 ·ct
597 4884 653 4944 vice
676 4903 763 4944 rema.

1008 5029 1203 5150 ttetb
