4716 5846
1089 727 1124 816 '5

374 993 380 1000 -
484 945 637 1018 'lentium
662 959 777 1020 cusum
801 942 837 1015 l.
862 938 928 1016 Fr.
958 939 1134 1016 lleelrel
1166 964 1187 1014 u
1219 940 1522 1019 titinsteeotio
1561 943 1708 1018 ulletnm
1744 953 1844 1042 ceput

378 1079 574 1174 collumque
600 1079 711 1154 euris
735 1077 870 1152 adultus
896 1096 973 1150 oum
997 1075 1150 1174 prru'lus
1168 1075 1325 1152 mollibus
1351 1078 1471 1168 relert,
1496 1080 1644 1175 temque
1664 1080 1753 1178 pede
1774 1104 1841 1155 eu-

379 1219 537 1292 cessorio
564 1217 598 1290 in
622 1217 771 1311 occipite
797 1215 1005 1288 instructum.
1057 1209 1135 1286 leur
1159 1213 1190 1288 l.
1216 1210 1442 1310 Geollrop
1476 1213 1739 1290 St-llilsirc
1765 1241 1842 1292 cnm

378 1353 524 1448 primum
538 1357 675 1424 oneum
690 1371 710 1420 e
724 1369 765 1421 sc
781 1345 986 1444 descriptum
1010 1347 1228 1446 elspexnset
1246 1357 1401 1423 exortem
1417 1349 1483 1426 sili
1500 1353 1728 1448 suspicionem
1758 1375 1844 1450 pro·

379 1485 504 1576 litetur,
516 1507 596 1560 num
612 1483 701 1558 lente
727 1503 790 1580 pes
816 1485 1034 1560 accessorius
1049 1483 1165 1576 simili,
1189 1507 1255 1579 qno
1274 1485 1346 1574 ioci
1368 1507 1471 1559 croso
1493 1490 1527 1562 iu
1552 1486 1653 1581 gellis
1679 1487 1754 1564 leri
1779 1513 1847 1565 so-

378 1621 429 1696 let
453 1619 558 1696 modo
584 1643 661 1694 cnm
688 1619 892 1710 calcaribus,
913 1627 987 1694 erte
1011 1621 1056 1692 sit
1081 1622 1183 1717 crputi
1207 1621 1349 1710 insitus3
1373 1629 1410 1694 et
1435 1628 1557 1696 testem
1589 1623 1752 1700 labemus
1778 1625 1844 1698 ed-

378 1759 588 1846 mirationis,
614 1777 681 1853 quu
706 1755 954 1830 lleclnelius
977 1763 1078 1850 ceput
1103 1757 1272 1830 sommum
1297 1755 1362 1830 sihi
1389 1757 1501 1830 domm
1529 1765 1716 1855 ncnopon't.
1768 1760 1844 1834 Gn-

374 1893 433 1985 jns
458 1913 564 1968 sexus
588 1896 663 1968 ovis
692 1891 806 1984 inerit,
830 1897 1160 1987 nescimusenmqne
1176 1913 1266 1966 reru
1291 1896 1326 1968 in
1352 1897 1499 1991 occipite
1521 1895 1636 1986 simili,
1662 1919 1728 1991 qur
1756 1919 1844 1971 eno-

379 2038 449 2102 tum
483 2025 710 2104 Porisicnsem
753 2029 920 2126 depictum
954 2027 1114 2102 videmus
1146 2027 1370 2125 plumnlerum
1396 2033 1498 2103 cristo
1523 2031 1709 2126 proelium
1732 2031 1840 2108 luisse

380 2167 576 2240 etiamnunc
604 2175 722 2262 potest
752 2164 941 2240 observari.
994 2163 1073 2261 lpse
1108 2185 1173 2261 pes
1197 2163 1333 2238 mutilus
1367 2188 1412 2238 ex
1438 2166 1505 2240 hee
1530 2170 1632 2242 crista
1658 2167 1842 2265 sqnumulis

378 2304 518 2376 corneis
549 2299 592 2374 etl
623 2299 726 2374 linem
758 2301 840 2374 tersi
874 2298 996 2374 udnnoi
1030 2307 1164 2388 tectus,
1195 2302 1365 2394 prominet
1387 2301 1494 2374 tribus
1517 2301 1631 2396 digitis
1656 2301 1842 2400 praeditus.

378 2438 572 2530 Digitorum
598 2445 713 2511 umen
738 2457 807 2510 non
832 2437 898 2509 nisi
913 2433 1044 2508 medius
1061 2433 1301 2529 eliquentulum
1324 2435 1498 2532 perlectus
1526 2445 1593 2526 est,
1617 2435 1723 2510 trihm
1752 2441 1841 2512 enin

379 2572 540 2648 ossiculis
574 2574 784 2667 compositus
816 2569 973 2662 oileum,
1007 2590 1147 2664 quorum
1174 2579 1364 2644 extrenmm
1390 2592 1539 2666 unguem
1564 2576 1668 2665 gerit.
1717 2572 1759 2647 ln
1783 2577 1842 2646 in-

379 2719 478 2784 terno
502 2707 601 2806 pelis
624 2709 791 2800 nmrg'ne,
817 2726 883 2802 quo
910 2724 1102 2781 concurrum
1125 2708 1208 2780 tersi
1232 2706 1321 2780 nus
1346 2716 1423 2795 est,
1450 2715 1564 2782 exstet
1589 2707 1713 2800 digitus
1737 2710 1842 2783 multo

378 2847 492 2920 minor
529 2865 606 2918 cum
630 2841 710 2919 lube
734 2841 997 2918 membrenecec
1024 2841 1224 2940 appendicis
1249 2845 1357 2917 inster
1379 2845 1588 2934 coniunctis.
1639 2841 1670 2916 it
1697 2847 1842 2938 regione

377 2979 476 3072 nujus
504 2977 601 3074 tilgit‘
624 2981 763 3073 tertios,
796 2978 936 3073 longior
961 2977 1097 3075 quiricus
1123 2988 1160 3052 ct
1183 2977 1378 3054 membrunu
1403 2977 1604 3054 intermedie
1631 2979 1737 3074 digitu
1763 3004 1843 3054 me-

378 3119 474 3192 ximo
497 3115 652 3192 adnexus
678 3126 829 3214 epprrct.
881 3114 922 3190 ln
944 3114 1028 3189 tersi
1053 3117 1160 3212 ipsius
1186 3124 1388 3188 structurum
1420 3117 1594 3210 inquirere
1617 3116 1733 3208 nolui,
1766 3119 1843 3212 quie

378 3252 456 3328 lieri
479 3275 550 3328 non
570 3255 679 3350 potuit
700 3250 829 3348 ubsque
854 3248 1087 3326 destructione
1110 3253 1331 3345 integumenti
1357 3253 1487 3325 cornei.
1540 3249 1656 3326 Tertio
1682 3262 1718 3326 et
1733 3252 1839 3348 longe

378 3393 529 3464 maxima
553 3387 652 3484 pelis
678 3389 837 3483 suspensi
859 3405 938 3483 pers
964 3385 1048 3460 lutet
1070 3385 1132 3461 snlr
1147 3396 1227 3462 cute
1242 3389 1405 3476 cervinis,
1429 3409 1471 3460 os
1498 3389 1658 3464 referens
1679 3386 1841 3485 pollicem

380 3533 418 3600 st
442 3523 613 3598 dimidium
639 3522 778 3616 longrnu
805 3521 1019 3616 tuicionem,
1055 3525 1091 3598 in
1115 3523 1185 3596 line
1210 3524 1382 3598 enter-iore
1407 3523 1505 3597 latim
1531 3532 1567 3596 et
1594 3543 1750 3598 corvum.
1801 3523 1840 3598 ln

378 3661 447 3735 lucc
473 3659 581 3732 lutere
598 3677 754 3732 concavo
779 3656 945 3734 lucenti
968 3657 1241 3734 musculeres
1267 3657 1476 3732 distincti
1502 3657 1842 3756 deprehendun-

378 3807 449 3870 tnr
469 3799 512 3869 in
538 3791 747 3868 tendines
771 3792 934 3890 longos
958 3804 1003 3868 et
1036 3794 1240 3888 gruciles
1273 3801 1439 3867 tursum
1475 3815 1639 3870 verrnr
1670 3817 1842 3870 excur-

379 3939 560 4020 rentes,
592 3928 757 4004 mosculis
787 3928 1046 4028 tcnlinibnsque
1077 3929 1292 4026 regularibus
1324 3929 1414 4004 lund
1438 3928 1622 4006 absimiles.
1674 3931 1841 4028 Superior

381 4075 417 4143 et
441 4067 542 4142 letior
566 4065 657 4140 oseis
681 4081 762 4163 pers
786 4069 822 4138 in
855 4063 995 4140 iovsem
1019 4067 1249 4143 musculorum
1274 4068 1425 4142 cervicis
1452 4075 1525 4142 eret
1545 4068 1718 4156 immissu,
1752 4087 1839 4161 ques

380 4211 494 4280 exsut
528 4203 685 4300 proxime
719 4223 811 4300 pone
844 4223 962 4276 eurem
994 4201 1161 4278 dextrum.
1212 4201 1331 4278 Tibine
1366 4203 1446 4277 vice
1475 4203 1542 4278 lroc
1580 4224 1623 4278 os
1647 4199 1745 4296 iungi
1769 4219 1840 4276 nou

380 4337 567 4426 dubitabis3
599 4339 733 4412 nonnis
761 4357 849 4412 sero
874 4337 1051 4432 ligaturam
1079 4361 1156 4414 cunr
1186 4341 1261 4438 ipso
1288 4341 1399 4436 cupite
1425 4339 1548 4414 nulum
1576 4338 1745 4414 cletectem
1772 4359 1840 4412 oc-

382 4477 559 4571 cipitisque
585 4473 888 4548 conformetionem
915 4476 1053 4548 minime
1079 4475 1288 4573 deturpatum
1314 4495 1407 4552 esse.
1458 4476 1526 4550 Pes
1551 4476 1733 4550 munimem
1754 4497 1839 4574 per-

381 4617 450 4682 tem
476 4609 539 4684 snb
564 4619 643 4684 cute
672 4607 825 4684 occulus
852 4629 962 4704 euque
987 4619 1152 4702 retentus,
1177 4615 1210 4686 io
1238 4615 1410 4688 emmunim
1435 4613 1523 4686 lutus
1549 4611 1777 4710 dependebm.

487 4745 634 4832 Quorum
669 4744 816 4840 deniqne
844 4723 953 4820 ⁴ersus
984 4749 1020 4822 in
1044 4747 1247 4824 collectione
1276 4749 1418 4825 scholne
1443 4752 1672 4825 veterinariae
1700 4748 1839 4822 Beroli-

378 4881 498 4956 nensis
536 4881 571 4952 in
611 4883 729 4976 spiritu
760 4885 833 4960 vini
874 4883 1029 4960 conditus
1059 4886 1103 4960 ub
1136 4889 1343 4962 imicissinu
1378 4886 1571 4978 tiurltio,
1612 4893 1769 4958 snetemo
1805 4892 1841 4958 et
