4716 5846
519 909 586 982 boc
610 909 726 981 vitium
752 903 811 976 rel
836 905 870 976 in
896 897 1129 974 antenoribus
1147 897 1207 971 vel
1232 900 1267 972 iu
1293 899 1539 996 posterioribus
1554 901 1700 998 pedibus
1715 913 1753 978 et
1777 907 1888 984 differt
1912 929 1977 1008 pro

515 1039 638 1138 gradu
660 1063 736 1113 cum
750 1039 809 1112 vel
824 1037 867 1112 id
890 1045 1059 1110 extremes
1085 1043 1200 1131 partes
1229 1035 1518 1134 circumscriptum
1544 1041 1600 1132 sit,
1628 1041 1687 1112 vel
1699 1063 1763 1140 per
1784 1049 1891 1116 totum
1914 1067 1977 1117 er-

520 1185 590 1253 tum
615 1176 828 1248 extendatur.

525 1341 534 1358 ··
617 1311 821 1407 Incipiamus
844 1331 864 1381 a
888 1305 1024 1382 casibus
1050 1305 1180 1380 duobus
1204 1305 1349 1404 quosab
1378 1306 1544 1380 Ottono
1569 1312 1784 1388 examinatos
1801 1313 1887 1410 ipsiu
1903 1315 1977 1387 suis

516 1445 636 1522 verbis
661 1441 954 1534 transsui-ibimus,
989 1444 1223 1516 reversione
1256 1451 1375 1518 nestro
1402 1441 1619 1519 obscuriores
1644 1443 1839 1521 reddentur.
1891 1447 1978 1544 Peg.

519 1581 605 1656 274.
620 1604 682 1656 nro
697 1579 783 1654 471.
833 1578 1074 1654 Monstrum
1103 1578 1341 1652 vitulinum
1368 1578 1545 1676 duplici
1569 1579 1682 1678 pede
1709 1581 1872 1657 dextro
1899 1607 1976 1658 eu-

518 1721 696 1792 toriore
721 1719 999 1790 instructum.

523 1893 527 1902 ·
619 1853 675 1916 ilio
695 1852 821 1920 vitulus,
851 1850 902 1930 qni
932 1869 1022 1928 quum
1056 1850 1169 1930 aliquot
1191 1851 1256 1914 dies
1277 1860 1346 1931 post
1367 1863 1484 1932 partum
1504 1852 1636 1927 vixisset,
1660 1863 1802 1918 mactatus
1826 1865 1857 1918 et
1875 1875 1978 1920 exem·

521 1958 559 2019 tis
584 1955 751 2018 visceribus
780 1951 816 2013 ed
848 1971 895 2014 me
926 1953 1119 2016 transmissus
1142 1961 1202 2028 est,
1226 1953 1309 2016 nullo
1328 1954 1398 2016 vitio
1421 1955 1589 2030 laborabat,
1612 1958 1669 2020 nisi
1694 1959 1771 2039 quod
1793 1959 1901 2039 pedem
1923 1961 1977 2023 de-

522 2067 619 2120 xtrum
641 2057 816 2120 anteriorem
837 2055 985 2134 duplicem
1007 2053 1149 2130 habebam
1171 2055 1222 2117 sed
1244 2065 1277 2118 ut
1298 2075 1440 2119 numerus
1463 2058 1571 2137 pedum
1594 2069 1715 2133 auctus,
1736 2061 1777 2121 ita
1805 2059 1976 2140 magnitudo

521 2164 675 2227 imminuta
697 2169 773 2236 erat;
790 2160 876 2222 ambe
899 2160 979 2222 enim
1003 2159 1140 2239 perparvi
1163 2167 1251 2240 atque
1274 2160 1416 2222 contracti
1441 2169 1535 2235 erarrt,
1558 2161 1597 2223 ile
1619 2171 1651 2224 ut
1669 2163 1864 2226 dresserum
1887 2165 1979 2244 longe

519 2289 537 2330 a
559 2269 623 2332 solo
645 2267 799 2338 abessent3
822 2270 977 2344 praeterea
998 2262 1029 2324 in
1051 2271 1179 2343 utreque
1201 2261 1335 2341 singulae
1357 2271 1470 2326 tantum
1489 2263 1617 2344 ungulae
1638 2265 1874 2344 reperiebantur.
1917 2267 1978 2328 lle·

521 2379 610 2434 tracta
639 2369 717 2448 pello
746 2367 903 2430 sinistrum
925 2365 1033 2446 pedem
1055 2351 1235 2428 anteriorem
1257 2365 1422 2445 legitimum
1444 2367 1588 2430 musculis
1605 2367 1722 2442 solitis,
1744 2368 1797 2430 sed
1821 2367 1912 2431 nimis
1932 2377 1978 2430 tu-

521 2473 649 2546 nuibus‚
677 2470 784 2532 albidis
814 2479 844 2532 et
871 2471 1031 2532 contractis
1053 2469 1205 2532 obtectum
1227 2469 1300 2532 vidi.
1344 2469 1404 2532 Nee
1426 2489 1494 2532 vasa
1518 2479 1568 2532 aut
1589 2470 1673 2532 uerri
1696 2474 1760 2548 ejus
1783 2470 1978 2534 extremitatis

523 2577 711 2649 deliniebant,
733 2575 789 2672 sed
806 2573 888 2655 justo
909 2584 993 2638 erunt
1014 2575 1154 2646 minora„
1180 2573 1255 2636 Pes
1277 2573 1419 2652 superi
1424 2572 1510 2634 luus
1532 2572 1795 2652 postordinarium
1813 2573 1909 2636 libere
1925 2574 1979 2637 de-

522 2679 668 2762 pendebat
689 2687 721 2740 st
740 2679 854 2739 duobus
876 2677 1046 2755 ligamentis
1068 2686 1219 2738 tumeam
1245 2675 1384 2755 scapulae
1405 2675 1540 2754 margine
1562 2674 1723 2749 interiore,
1748 2684 1808 2737 tum
1831 2694 1899 2738 eum
1920 2676 1979 2738 bu-

522 2785 595 2846 meri
625 2801 694 2845 osse
726 2781 811 2860 pedis
842 2780 967 2860 legitimi
997 2781 1172 2861 conjunctus
1203 2785 1281 2852 crab,
1312 2777 1465 2840 musculos
1495 2778 1558 2840 iere
1587 2777 1687 2840 nullos
1709 2778 1836 2843 babebat
1857 2789 1979 2861 praeter

524 2895 647 2950 emotum
679 2883 827 2963 quoddam
855 2893 960 2956 tenue,
989 2883 1067 2962 quod
1096 2882 1282 2962 superiorem
1312 2880 1376 2961 ejus
1389 2869 1512 2960 ¹perlem
1535 2879 1704 2942 involvebat
1723 2892 1754 2944 et
1774 2881 1892 2944 dedniri
1915 2899 1978 2944 non

523 2994 656 3068 poterat3
680 3003 772 3048 unum
792 2992 904 3048 lautum
924 3003 1048 3048 nemum
1070 2985 1286 3064 gracillimum,
1317 2983 1446 3064 splexu
1468 2981 1611 3047 brachiali
1636 2985 1797 3060 emissum,
1828 3003 1978 3070 unamque

523 3089 661 3152 arteriam
682 3105 870 3168 perparvam,
899 3105 935 3148 ex
962 3088 1070 3153 arteria
1093 3087 1299 3168 subscap'ulari
1326 3086 1570 3166 provenientem,
1593 3086 1703 3149 inveni
1748 3089 1868 3152 Ossium
1892 3088 1977 3170 pedis

521 3193 601 3256 varia
630 3199 676 3252 est
702 3189 787 3251 ratio.
832 3189 956 3270 Scapula
977 3209 1036 3252 non
1058 3191 1150 3253 multo
1173 3191 1271 3253 minor
1290 3201 1337 3254 cst
1359 3209 1445 3272 quam
1467 3191 1585 3262 dextra3
1614 3190 1756 3254 humerus
1783 3210 1856 3253 vero
1880 3203 1910 3254 et
1931 3213 1979 3256 ra-

524 3295 593 3358 dius
614 3293 707 3356 multo
727 3291 879 3355 breviores
902 3304 932 3355 et
953 3294 1105 3356 tenuiores
1128 3303 1206 3368 sunt,
1230 3311 1318 3375 quam
1341 3293 1444 3356 eadem
1457 3294 1553 3357 dextri
1570 3293 1760 3356 luterisossu.
1804 3293 1878 3356 Ulca
1891 3313 1980 3375 pror·

526 3417 579 3462 sus
598 3397 684 3460 deest
703 3405 732 3458 et
750 3415 788 3469 ¹os
807 3398 966 3476 metacerpi
989 3417 1024 3459 er
1046 3398 1139 3460 altero
1158 3407 1271 3462 mutum
1286 3399 1418 3462 dimidio
1438 3407 1554 3464 constat
1576 3409 1606 3462 et
1625 3398 1658 3461 iu
1678 3415 1770 3460 onum
1785 3397 1913 3477 digitum
1924 3399 1981 3462 de-

527 3501 608 3574 sinit,
632 3501 680 3582 qui
704 3499 813 3579 ungula
835 3499 950 3561 minure
973 3509 1062 3562 caret.
1106 3500 1197 3564 Pedis
1220 3503 1361 3580 superflui
1385 3520 1420 3564 ea
1443 3511 1490 3564 est
1511 3503 1614 3577 forma,
1638 3511 1669 3564 ut
1691 3521 1727 3562 ex
1747 3519 1807 3564 uno
1823 3521 1893 3566 usse
1913 3521 1978 3566 me·

523 3603 634 3683 teosrpi
657 3612 687 3666 et
707 3621 766 3666 uuo
789 3601 892 3682 digitu,
911 3621 1010 3682 quae
1030 3613 1162 3683 partes
1186 3603 1277 3684 pedi
1300 3603 1510 3666 ordinario
1532 3605 1735 3686 ademptae
1769 3605 1866 3680 sint,
1890 3625 1979 3682 ⁸com-

522 3707 637 3790 positus
657 3725 725 3770 csse
744 3706 891 3769 videatur.
934 3706 1067 3768 Primum
1089 3705 1168 3770 enim
1191 3706 1257 3788 ejus
1279 3725 1314 3769 os
1336 3725 1405 3770 cum
1426 3706 1495 3770 ulna
1517 3707 1649 3786 legitima
1672 3707 1752 3769 varia
1774 3707 1890 3768 ratione
1907 3723 1979 3766 cen-

523 3810 618 3888 gruit;
641 3828 674 3872 os
694 3809 861 3890 proximum
885 3809 977 3889 magis
998 3809 1086 3872 otiam
1108 3808 1252 3872 dimidiati
1274 3809 1353 3872 ossis
1376 3811 1529 3872 metatarsi
1553 3809 1685 3891 speciem
1707 3827 1779 3890 prae
1802 3827 1836 3872 se
1859 3808 1926 3879 lert,
1949 3813 1980 3866 et

526 3921 673 3974 extremae
695 3894 760 3995 ejus
782 3913 858 3992 parti
879 3931 956 3974 unus
978 3911 1089 3992 digitus
1111 3911 1206 3992 maior
1223 3931 1291 3974 cum
1314 3913 1429 3976 minere
1449 3913 1607 3992 adjunctus
1629 3923 1684 3975 est.
1729 3912 1868 3992 ltaque
1886 3909 1980 3974 haec

524 4015 811 4076 monstrositas
829 4015 1041 4078 rarissima
1063 4033 1156 4076 vere
1177 4014 1220 4077 ad
1241 4015 1434 4078 iissiouis
1457 4033 1578 4094 genus
1600 4013 1787 4094 pertinet,
1810 4013 1851 4076 ita
1867 4022 1976 4090 tamen,

524 4119 557 4172 ut
576 4111 665 4174 lissae
684 4125 785 4194 partes
804 4116 893 4198 louge
914 4123 1046 4178 remotae
1067 4116 1146 4180 inter
1167 4135 1203 4179 se
1225 4116 1385 4198 gemellum
1406 4118 1512 4198 pedem
1532 4119 1670 4182 efficiant.

627 4263 711 4358 Peg.
738 4265 825 4340 256.
850 4293 913 4344 nro
942 4271 1026 4344 414.
1087 4271 1322 4348 Monstrum
1358 4277 1537 4348 ovinum
1573 4277 1764 4372 quinque
1789 4273 1979 4372 pedibus

526 4402 807 4478 instructum.
856 4403 940 4478 Teb.
967 4405 1111 4485 xxvlt.
1132 4409 1208 4504 Fig.
1235 4407 1270 4484 3.
1298 4411 1332 4484 4.
1361 4411 1394 4486 5.

626 4551 663 4614 lu
684 4569 756 4632 agro
778 4553 909 4632 quodem
927 4571 1021 4631 prope
1042 4557 1146 4620 urbem
1168 4567 1299 4623 nostram
1320 4561 1379 4624 sito
1402 4561 1479 4623 inber
1497 4562 1597 4624 ovium
1619 4579 1737 4642 gregem
1760 4581 1817 4627 una
1847 4568 1979 4632 alebatur

527 4671 604 4734 quae
622 4653 734 4736 sliquos
755 4673 848 4718 smnus
869 4654 1000 4716 raritatis
1023 4673 1127 4720 caussa
1156 4670 1286 4738 servata,
1310 4663 1441 4744 denique
1460 4683 1533 4727 vero
1560 4675 1684 4728 mactata
1714 4676 1770 4730 est.
1813 4669 1856 4734 Eo
1881 4680 1979 4734 autem

529 4754 659 4835 insigms
680 4766 752 4832 erat,
775 4757 855 4838 quod
877 4777 946 4821 cum
966 4755 1100 4838 reliques
1114 4769 1309 4842 partrsrsetu
1330 4766 1528 4832 conlormatee
1550 4777 1665 4844 essem,
1688 4771 1895 4838 sinistrum
1917 4791 1980 4853 pe·

529 4857 612 4920 dem
641 4862 902 4941 posteriorem
934 4859 1132 4940 duplicem
1153 4861 1288 4930 habebut
1331 4868 1425 4946 liuius
1454 4871 1518 4933 ovis
1542 4890 1576 4933 ca
1598 4881 1710 4938 tantum
1733 4895 1820 4954 ossa,
1844 4893 1918 4959 quac
1941 4873 1979 4936 ad
