4716 5846
1226 591 1278 682 lt

526 816 688 870 transeunt.
732 805 846 868 Arteria
868 804 1047 884 pulmonalis
1069 823 1105 866 ea
1127 804 1276 866 anteriore
1300 813 1329 866 et
1351 805 1453 866 dextra
1475 803 1632 868 ventriculi
1654 811 1737 884 parte
1758 813 1858 868 exorta
1881 824 1980 870 ramos

525 911 708 992 pulmonales
730 925 912 988 parvumque
935 907 1054 968 ductum
1077 906 1253 968 arteriasum
1276 906 1380 968 Botalli
1401 907 1517 986 prodit,
1542 907 1672 988 denique
1695 915 1793 970 autem
1822 910 1982 990 praecipue

526 1025 636 1078 aortam
652 1013 883 1078 descendentem
899 1011 999 1073 officit.
1042 1011 1130 1072 horta
1148 1018 1216 1089 post
1229 1010 1367 1072 arteriam
1382 1009 1582 1089 pulmonariam
1606 1027 1802 1089 prorumpens
1820 1011 1911 1073 multo
1926 1013 1982 1074 mi-

527 1137 583 1180 nor
610 1125 655 1180 est
685 1133 771 1197 quam
802 1115 851 1177 illa
871 1121 900 1174 et
921 1130 1024 1192 parum
1047 1111 1083 1172 ad
1107 1121 1215 1174 eortam
1240 1111 1471 1174 descendentem
1504 1109 1687 1174 efficiendam
1709 1113 1839 1187 eonlert;
1861 1133 1896 1176 ex
1917 1119 1983 1192 ejus

525 1239 596 1282 arcu
626 1219 755 1299 primum
785 1217 880 1280 oritur
909 1227 1030 1278 truncus
1061 1215 1227 1276 communis
1256 1215 1425 1280 scholarios
1456 1216 1576 1278 dextrae
1599 1215 1784 1294 duarumque
1809 1215 1982 1290 carotidum,

528 1323 637 1385 deiude
658 1320 764 1383 arteria
789 1318 937 1382 suhclavia
960 1317 1069 1396 pedum
1085 1319 1403 1392 extraordinariorum
1426 1340 1463 1382 ex
1486 1320 1549 1399 ipsa
1573 1329 1670 1382 autem
1685 1327 1766 1382 aorla
1782 1317 1984 1384 descendente

526 1423 633 1484 arteria
661 1423 813 1484 srrhclavia
836 1421 958 1483 sinistra
981 1420 1049 1482 enit.
1095 1421 1189 1482 Pauca
1213 1421 1262 1482 illa
1286 1431 1315 1484 et
1336 1441 1426 1502 parva
1448 1441 1607 1486 nervorum
1628 1422 1692 1496 lila,
1722 1441 1797 1504 quae
1826 1423 1863 1484 ad
1885 1431 1983 1485 cutem

525 1527 635 1605 pedum
656 1526 873 1604 superfluorum
894 1523 1061 1601 pertinent,
1091 1542 1126 1583 ex
1154 1521 1299 1602 erobohus
1328 1524 1465 1604 plexibus
1494 1524 1694 1586 brachialibus
1723 1525 1840 1586 radices
1863 1523 1983 1586 ducunt.

527 1627 646 1690 Viscera
668 1627 865 1691 abdominalia
889 1625 962 1688 nihil
986 1625 1099 1688 insoliti
1122 1628 1286 1701 continent,
1308 1629 1367 1690 nisi
1389 1629 1468 1710 quod
1481 1631 1603 1694 sinister
1624 1627 1742 1690 testis
1765 1627 1861 1690 adhuc
1886 1626 1984 1689 inab-

528 1731 648 1792 domine
669 1731 773 1794 haeret
793 1739 822 1794 el
843 1731 987 1810 duplex
1009 1738 1070 1804 est3
1095 1731 1153 1792 duo
1177 1731 1308 1792 enimin
1329 1732 1386 1794 hoc
1408 1733 1499 1794 latere
1521 1741 1590 1796 sunt
1612 1738 1705 1792 testes
1735 1729 1815 1804 veri,
1849 1730 1984 1809 duaeque

528 1834 744 1915 epididymides
767 1837 846 1898 inter
865 1855 899 1897 se
921 1834 1115 1895 cohaerentes
1139 1842 1255 1895 etcum
1279 1853 1338 1896 uno
1361 1836 1525 1916 eodemque
1547 1853 1616 1895 vase
1631 1833 1781 1893 delerente
1797 1832 1982 1911 conjunctae.

528 1937 671 2000 Columna
694 1937 866 2000 vertebralis
888 1937 970 1998 rario
992 1936 1081 1998 inodo
1104 1937 1211 1998 inllexa
1231 1946 1261 2000 et
1283 1949 1410 2013 curvata,
1433 1941 1529 2019 pelvis
1554 1939 1682 2018 obliqua,
1705 1936 1798 2000 cauda
1811 1943 1892 2015 lusto
1915 1936 1983 2000 hre-

528 2038 593 2100 vior
615 2049 669 2102 est.

1112 2259 1415 2268 -—-...——————

903 2475 969 2567 ΙΙΙ.
1034 2477 1122 2568 Du
1166 2473 1605 2568 NOTOMELIS.

628 2662 866 2737 Notomolo
905 2661 1155 2736 deformitatum
1182 2685 1292 2758 genus
1317 2673 1408 2756 sunt,
1435 2663 1526 2758 quod
1549 2664 1823 2759 frequentissime
1847 2665 1881 2736 in
1906 2674 1985 2737 tau-

529 2802 577 2871 ris
603 2808 639 2871 et
663 2798 781 2868 vaccis
808 2799 967 2887 occurrit,
994 2805 1093 2892 atque
1120 2801 1167 2870 nti
1188 2799 1221 2871 J.
1250 2797 1472 2894 Geollroy
1499 2797 1556 2871 St.
1585 2798 1801 2894 Hileire*)
1827 2809 1984 2896 tanquam

530 2932 722 3029 exemplum
751 2924 843 3004 hene
869 2932 1095 3029 descriptum,
1131 2935 1222 3030 quod
1243 2935 1302 3008 illo
1329 2945 1483 3032 tempore
1510 2934 1574 3008 sihi
1599 2945 1715 3010 notum
1740 2935 1863 3026 luerit,
1894 2959 1985 3010 vae-

530 3093 604 3143 oam
629 3068 776 3140 adultam
803 3069 903 3141 oliert
926 3093 956 3141 a.
984 3069 1025 3144 V.
1050 3070 1093 3144 cl.
1120 3073 1207 3146 Sue
1234 3072 1430 3163 dissectam,
1456 3075 1502 3144 ita
1528 3077 1614 3146 tauri
1637 3072 1680 3145 ad
1706 3081 1861 3166 quattuor
1877 3074 1985 3144 circi·

528 3217 582 3279 ter
616 3227 778 3278 annorum
811 3212 956 3276 aetatem
989 3209 1146 3302 provecti
1177 3205 1343 3278 sceletum
1378 3227 1576 3295 servamus,
1608 3208 1661 3279 cui
1687 3204 1796 3302 pedes
1819 3207 1856 3276 in
1881 3203 1983 3279 dorso

529 3343 595 3416 duo
621 3349 767 3431 exstant,
791 3348 929 3437 praeter
955 3340 1074 3414 solitos
1103 3351 1254 3436 quatuor.
1304 3339 1430 3414 Vivum
1455 3341 1591 3429 animal,
1617 3363 1679 3438 pro
1706 3349 1817 3414 aetate
1840 3364 1984 3440 parvum

530 3487 564 3551 et
586 3476 713 3569 debile,
733 3479 838 3573 'mum
864 3479 899 3550 in
929 3486 1118 3551 mercatura
1145 3500 1252 3552 verna
1282 3478 1423 3551 Holensi
1451 3502 1538 3552 anno
1567 3482 1752 3576 praeterito
1778 3503 1855 3554 oum
1892 3504 1984 3555 non-

529 3613 628 3688 nullis
661 3616 735 3688 aliis
769 3614 887 3689 hestiis
921 3616 955 3686 in
986 3617 1120 3688 vivario
1155 3633 1263 3712 parvo
1299 3613 1435 3710 publice
1461 3624 1723 3708 monstraretur,
1755 3616 1826 3710 jam
1847 3620 1985 3689 incessu

530 3760 603 3822 erat
635 3751 795 3845 languido
830 3760 865 3824 et
896 3749 1004 3848 pedes
1037 3752 1247 3845 posteriores
1273 3750 1347 3822 lere
1376 3747 1627 3840 claudicabant,
1659 3759 1696 3820 ut
1721 3753 1839 3844 paucis
1865 3746 1984 3820 diehus

530 3892 608 3979 post
641 3883 729 3956 haud
761 3884 881 3982 procul
913 3882 954 3957 ah
982 3882 1065 3956 urhe
1092 3886 1236 3955 animam
1265 3879 1408 3954 elllaret.
1460 3883 1586 3955 Trunci
1611 3885 1787 3978 longitudo
1815 3907 1877 3980 pro
1904 3882 1986 3954 alti-

529 4017 643 4089 tudine
675 4028 728 4089 est
753 4015 845 4112 justo
872 4021 1003 4109 minor,
1038 4016 1136 4112 cujus
1159 4017 1212 4088 rei
1234 4035 1337 4086 causa
1362 4014 1490 4110 pendet
1516 4037 1536 4086 a
1563 4017 1651 4088 malo
1677 4016 1770 4090 dorsi
1791 4022 1985 4088 curvatura.

529 4154 759 4228 Posteriorem
781 4158 898 4250 spinae
926 4154 1018 4227 dorsi
1043 4163 1188 4251 partem,
1214 4174 1234 4223 a
1259 4151 1353 4248 pelvi
1371 4171 1478 4246 usque
1498 4149 1540 4222 ad
1566 4155 1744 4245 regionem
1771 4149 1982 4247 scapularem

528 4290 617 4362 hene
644 4286 886 4362 conformatam
912 4289 1017 4364 luisse
1046 4299 1124 4363 ante
1151 4292 1339 4364 sectionem
1360 4289 1467 4386 potuit
1494 4291 1681 4380 cognosci3
1707 4286 1820 4359 inhao
1838 4288 1982 4380 regione

572 4543 601 4622 *)
622 4548 651 4604 h.
674 4563 699 4606 c.
722 4563 782 4620 pag.
806 4543 878 4600 270.
923 4541 951 4596 ln
974 4558 1070 4600 vaccae
1094 4545 1180 4613 icone,
1203 4561 1283 4617 quam
1305 4545 1428 4602 ridemus
1451 4545 1478 4600 in
1501 4546 1592 4618 operis
1615 4544 1714 4603 atlante
1735 4543 1765 4602 t.
1787 4541 1863 4603 llVll.
1881 4545 1937 4622 dig.
1955 4546 1983 4602 l.

615 4662 719 4728 partem
740 4649 874 4725 quandam
893 4645 927 4706 ah
950 4644 1060 4715 artifice,
1083 4664 1106 4702 r.
1127 4647 1161 4704 el.
1183 4647 1283 4718 lluet,
1306 4649 1438 4722 depictam
1461 4649 1590 4718 invenies,
1612 4647 1691 4708 uheri
1712 4647 1883 4722 simillimam,
1905 4649 1984 4722 eujus
2049 4701 2057 4708 .

617 4758 645 4814 ia
667 4754 850 4829 descriptione
873 4749 945 4808 nulla
967 4748 1068 4806 mentio
1087 4747 1156 4805 lacte
1179 4755 1227 4805 est.
