4716 5846
524 839 604 912 mibi
628 834 790 922 narravit,
817 855 857 908 se
889 853 936 904 ex
962 827 1046 902 urbe
1072 829 1195 924 patria,
1222 827 1387 922 Gurlicin,
1412 830 1540 906 foetum
1566 830 1780 904 antecessori
1795 829 1988 910 clarissimo

526 981 738 1072 apportasse.
790 965 957 1040 llolcbam
985 972 1020 1037 et
1044 962 1206 1038 dolebunt
1229 985 1365 1040 mecum
1393 967 1450 1059 qni
1475 983 1578 1040 casus
1603 969 1809 1059 gravitatem
1835 969 1988 1064 respici-

527 1118 597 1200 unt,
621 1110 734 1182 omnia
760 1106 897 1176 viscera
923 1100 1043 1174 evulsa
1069 1100 1199 1193 fumea,
1224 1111 1261 1174 ut
1285 1123 1330 1174 ne
1354 1121 1461 1174 sexus
1487 1100 1624 1194 quidem
1654 1099 1791 1176 infautia
1818 1103 1988 1178 determi-
2031 1133 2037 1138 ·

525 1249 599 1320 nari
623 1243 742 1340 possit
797 1237 895 1326 Quod
922 1238 965 1310 ad
989 1247 1168 1311 externam
1197 1239 1317 1333 capitis
1341 1234 1579 1310 formationem
1604 1238 1735 1326 attinet,
1759 1239 1902 1333 primum
1919 1237 1988 1312 de-

525 1377 690 1479 prehendi
727 1371 860 1446 cerebri
891 1373 971 1446 loco
1004 1397 1152 1450 massam
1186 1373 1351 1468 quandam
1387 1371 1569 1466 fungosam
1601 1371 1780 1464 adfuisse,
1811 1371 1920 1468 qualis
1952 1377 1988 1448 in

526 1509 768 1608 bemicepbalis
811 1507 1086 1603 frequentissime
1117 1510 1334 1584 observatur.
1395 1507 1534 1582 Narium
1567 1506 1661 1580 loao‘
1679 1508 1797 1582 aderat
1832 1506 1988 1584 feramen
2070 1595 2075 1608 ‚

526 1656 676 1738 unicum,
700 1646 763 1720 sed
788 1645 906 1736 majus.
959 1645 1028 1716 Per
1050 1653 1154 1718 mlum
1179 1643 1425 1737 longitudinem
1452 1643 1632 1718 columnae
1659 1641 1864 1716 vertebralis
1880 1667 1988 1740 prae-

528 1797 625 1858 tcrea
650 1803 785 1855 massae
811 1780 1007 1871 tuberosae,
1031 1801 1122 1852 nnuc
1147 1779 1281 1876 quidem
1307 1778 1427 1853 colore
1453 1779 1585 1854 brunae
1612 1788 1647 1852 et
1667 1777 1885 1853 obscuriores
1918 1779 1988 1854 ab·

527 1927 687 1994 servatae
713 1925 811 2006 sunt,
836 1936 919 2010 quas
939 1917 974 1988 in
998 1915 1146 2008 infante,
1168 1915 1247 1988 dnm
1272 1918 1426 2007 viveret,
1451 1924 1590 2012 propter
1615 1916 1790 2008 sanguinis
1817 1923 1852 1986 et
1876 1935 1989 1988 vaso·

528 2077 602 2130 rum
635 2053 825 2126 ubertatem
861 2047 980 2124 rubras
1013 2049 1121 2124 fuisse
1147 2048 1336 2126 versimile
1363 2059 1427 2124 cst
1481 2048 1577 2124 Cutis
1610 2052 1647 2124 iu
1672 2050 1786 2124 medio
1813 2049 1916 2126 dorso
1944 2073 1988 2126 ea

528 2200 622 2282 erat,
650 2193 797 2284 quaein
823 2191 919 2286 spina
944 2186 1045 2260 bifida
1069 2187 1145 2262 beri
1169 2188 1272 2280 salet,
1296 2187 1463 2283 siquidem
1489 2210 1510 2260 a
1535 2197 1653 2260 natura
1678 2191 1715 2260 iu
1740 2195 1837 2260 nlaro
1863 2209 1988 2280 magna

528 2329 689 2400 cicatrice
714 2334 863 2401 sanatur.
912 2324 952 2398 Iu
976 2328 1122 2420 regione
1146 2326 1271 2400 sacrali
1295 2345 1403 2421 prope
1429 2325 1651 2398 insertionem
1677 2321 1776 2418 pedis
1803 2325 1893 2396 tertii
1919 2345 1988 2420 np—

527 2462 657 2562 pendix
695 2460 881 2558 piriformis
914 2459 1107 2556 pedunculo
1141 2470 1263 2534 tenero
1298 2457 1402 2532 affixa
1434 2459 1508 2532 fuit.
1566 2458 1751 2532 Funicnlus
1783 2457 1987 2532 umbilicnlis

528 2619 658 2687 macer,
685 2595 786 2670 solito
811 2595 890 2668 loco
917 2598 1075 2668 insertus.
1126 2593 1194 2669 l'es
1220 2597 1449 2684 accessorius,
1476 2595 1587 2669 forma
1612 2586 1893 2689 etbuaguitndine
1918 2617 1987 2670 na-

527 2732 659 2822 turalis,
686 2728 874 2802 cohaerere
901 2727 1038 2802 ridetur
1063 2751 1140 2802 cum
1165 2725 1247 2804 ossd
1272 2729 1388 2817 ilium,
1423 2729 1513 2825 quod
1538 2731 1637 2827 pedis
1663 2731 1774 2806 dextri
1808 2741 1873 2808 est
1923 2733 1988 2806 Li·-

528 2869 612 2942 bera
637 2865 733 2962 bajus
758 2864 858 2960 pedis
883 2862 1051 2938 mobilitas
1078 2867 1123 2938 itu
1148 2887 1226 2938 eum
1252 2865 1421 2942 ducveri
1447 2870 1537 2959 sinit,
1563 2876 1612 2960 ut,
1634 2869 1666 2940 si
1679 2867 1844 2942 infantam
1860 2867 1902 2942 ab
1918 2891 1987 2942 au·

448 3054 456 3066 ,
526 3007 657 3078 teriora
691 3001 781 3076 facie
815 2999 1000 3096 adspicias,
1027 3005 1063 3076 in
1094 3004 1230 3076 sinistro
1265 3003 1337 3094 ejus
1369 3003 1478 3078 latere
1511 3005 1712 3099 proveniat3
1745 3003 1843 3100 pedis
1878 3004 1987 3080 forma

531 3165 572 3215 en
601 3147 666 3230 est,
690 3149 727 3210 ut
751 3158 813 3232 pro
842 3138 977 3208 sinistro
1004 3134 1121 3208 baberi
1147 3136 1280 3212 debeat.
1332 3137 1445 3212 Pedes
1472 3142 1634 3212 anteriori
1659 3142 1770 3212 trunci
1794 3139 1897 3214 faciei
1923 3163 1987 3214 rc-

529 3274 756 3376 spondentes,
790 3272 913 3346 dexter
945 3281 981 3344 el
1015 3274 1171 3363 sinister,
1204 3273 1303 3370 juxte
1329 3296 1369 3347 se
1395 3277 1499 3372 positi
1525 3276 1668 3348 formam
1697 3274 1821 3348 babent
1847 3279 1984 3353 omnino

531 3410 746 3505 regularem,
784 3418 819 3484 et
843 3409 926 3482 nibil
951 3418 1005 3482 est
1029 3431 1090 3482 cur
1116 3407 1304 3484 dubitemus
1330 3433 1393 3485 ecs
1419 3411 1549 3486 fabrica
1575 3412 1721 3486 normali
1746 3435 1825 3488 esse
1853 3436 1985 3488 conso-

533 3551 652 3621 ciales.
705 3545 849 3620 Brachia
874 3553 970 3619 recte
995 3545 1154 3638 formata,
1177 3514 1279 3646 paule
1307 3570 1405 3644 quam
1432 3571 1576 3644 aequum
1603 3559 1669 3642 est,
1697 3549 1854 3644 longiora
1881 3552 1986 3626 vide-

526 3683 646 3758 bantur
671 3691 812 3781 prepter
837 3685 946 3754 trunci
970 3681 1182 3760 brevitatem.
1355 3668 1358 3670 ’

631 3821 740 3908 Quum
766 3823 938 3894 viscerum
962 3820 1262 3896 examinandarum
1290 3820 1472 3896 oblectatio
1498 3845 1517 3894 a
1543 3821 1697 3894 munibus
1725 3823 1851 3894 curiosi
1867 3821 1985 3916 cujus·

527 3953 617 4044 dnm,
644 3963 743 4047 atque
770 3963 826 4027 aut
851 3953 1076 4028 vehementer
1097 3954 1209 4047 fallor,
1232 3956 1339 4050 ipsius
1363 3953 1593 4046 Meckelii,
1618 3955 1715 4029 nubis
1731 3964 1911 4051 praerepta
1925 3954 1986 4026 fu-

529 4092 606 4180 erit,
632 4107 762 4179 curum,
790 4109 877 4183 quae
903 4089 1003 4162 cultri
1027 4113 1095 4187 ope
1123 4091 1238 4184 detegi
1261 4099 1416 4185 possent,
1441 4093 1507 4163 nisi
1532 4094 1568 4164 in
1594 4089 1730 4164 essibus
1755 4089 1911 4162 relictum
1927 4092 1987 4161 ui·

527 4226 575 4299 bil
611 4232 696 4298 erat.
749 4222 865 4317 ltaque
898 4225 1034 4323 depicta
1067 4237 1211 4302 externa
1245 4225 1359 4300 iaetus
1398 4224 1489 4300 facie
1519 4226 1685 4299 sceletum
1718 4221 1985 4322 praeparandum

530 4363 723 4437 amavimus
749 4365 786 4430 et
809 4379 895 4452 quae
921 4359 987 4434 boc
1011 4361 1129 4436 labore
1155 4363 1291 4436 detecta
1314 4371 1410 4454 snut,
1445 4364 1619 4438 viscerum
1646 4361 1810 4452 jncturam
1842 4355 1984 4438 fomitem

532 4516 756 4593 compensare
781 4505 934 4592 possunt.
986 4494 1072 4567 Nam
1097 4507 1134 4570 nt
1157 4498 1210 4572 bis
1235 4520 1428 4596 parcerem,
1454 4501 1485 4572 si
1511 4475 1712 4588 adfuissent,
1737 4492 1840 4570 facile
1863 4497 1984 4574 scele-

528 4645 564 4709 tu
588 4632 747 4707 faciendo
772 4629 1062 4730 supersedissem,
1083 4633 1126 4706 iis
1153 4643 1352 4726 contentus,
1377 4657 1463 4729 quae
1490 4654 1511 4709 a
1539 4635 1713 4720 uiscerum
1734 4639 1901 4710 structura
1926 4637 1985 4710 di·

511 4770 701 4847 dicissem.
