4716 5846
471 933 537 1008 iiic
562 934 660 1010 iocus
685 931 830 1008 ticum
852 929 1002 1022 vidam,
1029 946 1095 1025 quo
1121 929 1260 1056 iuinnt'n
1280 929 1487 1031 mentionem
1503 929 1640 1022 tanim,
1666 949 1766 1025 quum
1791 949 1828 1004 s.

370 1071 491 1146 beatus
516 1071 563 1143 A·-
591 1071 634 1146 G.
660 1069 766 1146 Otto
799 1072 836 1142 in
868 1063 957 1142 tuito
991 1067 1128 1162 saepius
1155 1067 1259 1140 citato
1287 1087 1367 1162 paq.
1393 1063 1468 1136 257
1496 1063 1688 1163 dempsit.
1737 1063 1830 1141 vtott

372 1213 413 1282 et-
433 1207 740 1303 exsninavitipse
766 1203 916 1300 pueliam
939 1211 1012 1276 tres
1033 1223 1173 1276 menses
1196 1211 1332 1293 omem,
1354 1199 1553 1298 puicbreuo,
1578 1223 1715 1294 sanan,
1741 1221 1828 1297 quse
1952 1259 1955 1266 Δ

372 1341 514 1438 digitum
546 1337 692 1413 babebit
722 1337 927 1435 superfluum
952 1341 989 1412 in
1014 1335 1137 1434 poiioe
1163 1335 1207 1410 ari
1232 1339 1413 1430 regimur
1440 1338 1534 1412 ouis
1558 1339 1747 1433 ooocppies
1771 1335 1830 1408 n·-

372 1481 462 1573 gitus
488 1497 589 1549 unum
613 1483 649 1548 et
675 1474 848 1547 dimidium
874 1473 1033 1572 pollicem
1058 1473 1207 1568 largus,
1232 1493 1399 1563 maus,
1420 1482 1455 1545 et
1480 1495 1527 1546 ex
1553 1473 1660 1546 uibus
1684 1471 1831 1570 pboinn·

328 1660 334 1674 ·
372 1613 472 1710 qibus
496 1612 706 1708 compositus
731 1617 827 1701 erat,
850 1631 964 1705 neque
988 1631 1105 1704 mque
1134 1606 1285 1682 carebat.
1337 1609 1450 1696 Quum
1480 1607 1593 1682 iniam
1624 1609 1694 1684 boc
1723 1609 1830 1702 digito

371 1747 597 1821 vehementer
622 1753 831 1834 vexantur,
864 1745 925 1818 Dr.
951 1744 1095 1819 Rotbe
1129 1765 1209 1818 eum
1242 1765 1321 1817 cun
1352 1753 1486 1818 tumme
1512 1745 1674 1842 adiposo,
1701 1747 1739 1816 in
1763 1763 1830 1839 quo

370 1879 550 1971 insidebat,
576 1879 724 1954 feliciter
749 1884 957 1978 exstirpavit.
1008 1881 1144 1974 Digitus
1169 1889 1325 1953 resectus
1342 1889 1411 1954 tres
1431 1879 1619 1977 phalanges
1642 1881 1725 1953 satis
1742 1901 1831 1952 nor·

372 2015 482 2088 males
506 2015 671 2108 babebat,
696 2039 834 2112 quarum
859 2019 1001 2114 primam
1027 2015 1121 2090 iibris
1147 2016 1316 2090 tendioeis
1343 2019 1415 2090 ossi
1442 2000 1830 2113 coeepgn'aohaosisse

371 2151 560 2226 verisimile
587 2162 660 2242 est3
685 2151 829 2226 musculi
856 2162 892 2228 et
914 2152 1071 2227 teodinus
1106 2173 1176 2226 non
1203 2149 1392 2252 exstabant.

962 2419 1274 2434 ..m-.—

474 2697 605 2774 Dubius
629 2695 762 2794 quidem
789 2697 919 2773 haereo
941 2723 1021 2776 num
1047 2721 1148 2774 casus
1175 2700 1274 2793 dnos,
1299 2701 1355 2795 qui
1378 2706 1573 2818 sequuntur,
1598 2697 1641 2772 ad
1655 2719 1833 2796 ppgoma·

237 2911 245 2926 ‚
371 2835 451 2908 iiam
475 2834 636 2910 reiorum.
684 2835 844 2908 Attamen
870 2836 983 2912 locum
1009 2859 1127 2910 eorum
1153 2835 1448 2910 memorandorum
1465 2835 1743 2932 opportuniorem
1762 2855 1832 2910 non

369 2974 510 3046 invenio
544 2981 579 3044 et
615 2975 709 3045 notio
743 2971 844 3068 hujus
878 2969 1032 3046 fabricae
1065 2975 1234 3063 vitiosae,
1277 2972 1411 3070 qualem
1443 2971 1475 3046 J.
1510 2967 1734 3068 Geniirop
1771 2970 1832 3044 St.

371 3107 549 3183 iiilsire
571 3107 783 3202 divulgavit,
808 3108 887 3180 huie
910 3107 1148 3182 additamento
1174 3131 1244 3184 non
1269 3115 1452 3208 repugnat.

474 3243 626 3340 Uterque
661 3263 763 3316 casos
796 3243 840 3316 ab
867 3243 1106 3318 collectionem
1128 3247 1276 3342 pertinet
1300 3246 1549 3334 anatomicam,
1575 3263 1663 3338 qnae
1689 3261 1770 3316 cura
1797 3251 1834 3316 ct

374 3377 547 3471 unigentio
573 3379 774 3454 chneri
800 3379 821 3452 J
829 3402 940 3453 enne
970 3379 1108 3455 fundata
1133 3388 1209 3470 est,
1242 3379 1310 3452 viri
1335 3377 1425 3452 baud
1450 3378 1562 3452 multis
1589 3376 1710 3451 abhinc
1736 3379 1833 3452 anuis

374 3511 538 3604 defuncti,
564 3515 646 3586 artis
673 3517 904 3588 veterinariae
929 3515 1010 3588 oiim
1035 3513 1257 3612 professoria.
1308 3515 1466 3590 Alterum
1491 3515 1657 3590 sceletum
1685 3516 1763 3588 ovis
1780 3523 1834 3588 est

373 3646 504 3720 duabus
538 3649 694 3744 pelvibus
733 3657 942 3746 quatuorque
967 3647 1113 3746 pedibus
1137 3649 1384 3746 posterioribus
1409 3653 1607 3724 instructae.
1660 3646 1833 3724 Gobserct

372 3780 428 3855 bic
453 3786 549 3878 spina
566 3782 660 3856 dorsi
673 3781 714 3857 ab
731 3793 876 3880 utroque
902 3782 1010 3857 latere
1031 3781 1132 3857 solito
1159 3805 1256 3858 more
1283 3806 1359 3857 cum
1386 3805 1467 3858 osse
1493 3787 1716 3876 innominato,
1743 3783 1833 3880 quoti

373 3919 528 4012 utrinque
553 3917 730 3994 accubuio
758 3943 822 3996 suo
847 3919 972 4018 pedem
998 3919 1089 3993 bane
1115 3917 1294 3995 formatum
1321 3921 1456 4018 excipit
1510 3919 1600 3994 Ossa
1625 3922 1834 3998 innominata

373 4055 545 4150 utriunque
575 4056 694 4130 istem
725 4077 814 4130 vero
847 4079 917 4132 non
944 4058 1130 4150 iunguntur
1157 4057 1336 4156 sympbpsi
1362 4059 1490 4131 ossium
1517 4054 1634 4154 pubis,
1665 4058 1730 4131 seri
1754 4057 1834 4133 icr-

373 4199 465 4264 ment
487 4193 523 4265 in
548 4199 690 4290 utroque
714 4193 822 4266 latere
848 4191 1049 4290 symphysin
1073 4213 1150 4264 cnm
1176 4203 1274 4290 parte
1300 4193 1424 4291 pubica
1449 4191 1587 4266 alterius
1613 4195 1702 4267 ossis
1728 4193 1833 4269 inno-

372 4329 499 4400 minati.
549 4330 679 4403 Alteris
711 4329 765 4403 bis
789 4326 925 4403 ossibus
950 4331 1187 4420 innominatie,
1220 4326 1349 4426 absque
1380 4332 1629 4404 intercessione
1655 4333 1745 4406 ossb
1769 4353 1833 4418 sa·

374 4464 424 4533 cri
448 4463 586 4536 nterim
611 4468 700 4538 inter
723 4462 929 4560 sejunctis,
955 4468 1099 4563 appensi
1125 4475 1203 4539 sunt
1227 4466 1338 4564 pedes
1354 4469 1605 4563 supervacanei
1621 4468 1833 4566 posteriores

374 4594 442 4670 ino
467 4599 531 4674 sibi
553 4603 651 4675 socii.

474 4733 629 4810 Altamm
663 4741 744 4832 agni
777 4737 942 4814 sceletum
976 4748 1030 4812 est
1061 4761 1138 4812 cum
1171 4733 1316 4838 pedibus
1348 4737 1592 4836 posterioribus
1614 4737 1720 4814 trihus
1744 4759 1831 4834 per-

373 4867 475 4944 iaotis
502 4879 537 4944 et
562 4881 680 4966 quarto
710 4871 925 4971 imperfecto.
977 4873 1096 4952 Paleis
1119 4875 1210 4952 bene
1246 4874 1455 4952 wormat·
1479 4885 1682 5052 atquokqom
1707 4883 1833 4956 acric-
