<?xml version="1.0" encoding="UTF-8"?>
<!DOCTYPE html PUBLIC "-//W3C//DTD XHTML 1.0 Transitional//EN"
    "http://www.w3.org/TR/xhtml1/DTD/xhtml1-transitional.dtd">
<html xmlns="http://www.w3.org/1999/xhtml" xml:lang="en" lang="en">
 <head>
  <title>
</title>
<meta http-equiv="Content-Type" content="text/html;charset=utf-8" />
  <meta name='ocr-system' content='tesseract 3.04.00' />
  <meta name='ocr-capabilities' content='ocr_page ocr_carea ocr_par ocr_line ocrx_word'/>
</head>
<body>
  <div class='ocr_page' id='page_1' title='image "./demonstrisquibu00altogoog_0060.png"; bbox 0 0 4716 5846; ppageno 0'>
   <div class='ocr_carea' id='block_1_1' title="bbox 396 875 1888 1786">
    <p class='ocr_par' dir='ltr' id='par_1_1' title="bbox 396 875 1867 1158">
     <span class='ocr_line' id='line_1_1' title="bbox 396 875 1867 960; baseline 0.005 -18"><span class='ocrx_word' id='word_1_1' title='bbox 396 875 544 947; x_wconf 77' lang='lat' dir='ltr'>sinistras</span> <span class='ocrx_word' id='word_1_2' title='bbox 566 878 672 959; x_wconf 83' lang='lat' dir='ltr'>spicas</span> <span class='ocrx_word' id='word_1_3' title='bbox 694 887 794 948; x_wconf 65' lang='lat' dir='ltr'>coctu</span> <span class='ocrx_word' id='word_1_4' title='bbox 817 876 937 944; x_wconf 77' lang='lat' dir='ltr'>derum</span> <span class='ocrx_word' id='word_1_5' title='bbox 954 879 1040 944; x_wconf 83' lang='lat' dir='ltr'>tertia</span> <span class='ocrx_word' id='word_1_6' title='bbox 1063 877 1170 942; x_wconf 80' lang='lat' dir='ltr'>saltem</span> <span class='ocrx_word' id='word_1_7' title='bbox 1192 897 1260 944; x_wconf 87' lang='lat' dir='ltr'>com</span> <span class='ocrx_word' id='word_1_8' title='bbox 1285 887 1388 960; x_wconf 78' lang='lat' dir='ltr'>quarta</span> <span class='ocrx_word' id='word_1_9' title='bbox 1408 889 1564 945; x_wconf 83' lang='lat' dir='ltr'>concretas</span> <span class='ocrx_word' id='word_1_10' title='bbox 1586 892 1664 946; x_wconf 77' lang='lat' dir='ltr'>vost.</span> <span class='ocrx_word' id='word_1_11' title='bbox 1708 884 1790 950; x_wconf 86' lang='lat' dir='ltr'>lnter</span> <span class='ocrx_word' id='word_1_12' title='bbox 1808 905 1867 950; x_wconf 80' lang='lat' dir='ltr'>cs-</span> 
     </span>
     <span class='ocr_line' id='line_1_2' title="bbox 401 982 1867 1064; baseline 0.004 -18"><span class='ocrx_word' id='word_1_13' title='bbox 401 988 514 1046; x_wconf 77' lang='lat' dir='ltr'>serm</span> <span class='ocrx_word' id='word_1_14' title='bbox 533 992 716 1048; x_wconf 81' lang='lat' dir='ltr'>rotomacum</span> <span class='ocrx_word' id='word_1_15' title='bbox 740 982 896 1062; x_wconf 87' lang='lat' dir='ltr'>utriusqus</span> <span class='ocrx_word' id='word_1_16' title='bbox 917 983 1022 1064; x_wconf 85' lang='lat' dir='ltr'>spinae</span> <span class='ocrx_word' id='word_1_17' title='bbox 1045 983 1140 1046; x_wconf 82' lang='lat' dir='ltr'>serica</span> <span class='ocrx_word' id='word_1_18' title='bbox 1161 983 1350 1046; x_wconf 87' lang='lat' dir='ltr'>intervallum</span> <span class='ocrx_word' id='word_1_19' title='bbox 1373 985 1445 1048; x_wconf 87' lang='lat' dir='ltr'>satis</span> <span class='ocrx_word' id='word_1_20' title='bbox 1466 985 1568 1060; x_wconf 73' lang='lat' dir='ltr'>latum</span> <span class='ocrx_word' id='word_1_21' title='bbox 1589 993 1624 1048; x_wconf 88' lang='lat' dir='ltr'>ut</span> <span class='ocrx_word' id='word_1_22' title='bbox 1644 988 1685 1048; x_wconf 87' lang='lat' dir='ltr'>its</span> <span class='ocrx_word' id='word_1_23' title='bbox 1709 987 1804 1050; x_wconf 75' lang='lat' dir='ltr'>dicam</span> <span class='ocrx_word' id='word_1_24' title='bbox 1827 989 1867 1052; x_wconf 92' lang='lat' dir='ltr'>ll-</span> 
     </span>
     <span class='ocr_line' id='line_1_3' title="bbox 398 1083 760 1158; baseline -0.006 -8"><span class='ocrx_word' id='word_1_25' title='bbox 398 1083 523 1158; x_wconf 78' lang='lat' dir='ltr'>tarum</span> <span class='ocrx_word' id='word_1_26' title='bbox 544 1085 760 1152; x_wconf 79' lang='lat' dir='ltr'>ostrolictum.</span> 
     </span>
    </p>

    <p class='ocr_par' dir='ltr' id='par_1_2' title="bbox 399 1185 1888 1786">
     <span class='ocr_line' id='line_1_4' title="bbox 503 1185 1865 1274; baseline 0.006 -26"><span class='ocrx_word' id='word_1_27' title='bbox 503 1187 680 1262; x_wconf 82' lang='lat' dir='ltr'>Quatoor</span> <span class='ocrx_word' id='word_1_28' title='bbox 701 1185 1063 1266; x_wconf 77' lang='lat' dir='ltr'>pedesordiuarii,</span> <span class='ocrx_word' id='word_1_29' title='bbox 1092 1187 1129 1250; x_wconf 81' lang='lat' dir='ltr'>ad</span> <span class='ocrx_word' id='word_1_30' title='bbox 1151 1207 1226 1268; x_wconf 76' lang='lat' dir='ltr'>quos</span> <span class='ocrx_word' id='word_1_31' title='bbox 1247 1189 1393 1252; x_wconf 85' lang='lat' dir='ltr'>accedunt</span> <span class='ocrx_word' id='word_1_32' title='bbox 1419 1191 1547 1270; x_wconf 88' lang='lat' dir='ltr'>pedes</span> <span class='ocrx_word' id='word_1_33' title='bbox 1568 1193 1768 1274; x_wconf 85' lang='lat' dir='ltr'>superlloi</span> <span class='ocrx_word' id='word_1_34' title='bbox 1792 1193 1865 1256; x_wconf 88' lang='lat' dir='ltr'>duc</span> 
     </span>
     <span class='ocr_line' id='line_1_5' title="bbox 399 1288 1865 1374; baseline 0.004 -22"><span class='ocrx_word' id='word_1_35' title='bbox 399 1289 642 1364; x_wconf 85' lang='lat' dir='ltr'>anteriores,</span> <span class='ocrx_word' id='word_1_36' title='bbox 666 1289 715 1370; x_wconf 89' lang='lat' dir='ltr'>qui</span> <span class='ocrx_word' id='word_1_37' title='bbox 732 1289 764 1351; x_wconf 89' lang='lat' dir='ltr'>ic</span> <span class='ocrx_word' id='word_1_38' title='bbox 785 1288 902 1352; x_wconf 89' lang='lat' dir='ltr'>dorso</span> <span class='ocrx_word' id='word_1_39' title='bbox 922 1291 1026 1354; x_wconf 88' lang='lat' dir='ltr'>inter</span> <span class='ocrx_word' id='word_1_40' title='bbox 1048 1289 1178 1370; x_wconf 90' lang='lat' dir='ltr'>capita</span> <span class='ocrx_word' id='word_1_41' title='bbox 1201 1291 1276 1352; x_wconf 92' lang='lat' dir='ltr'>duo</span> <span class='ocrx_word' id='word_1_42' title='bbox 1298 1292 1556 1372; x_wconf 89' lang='lat' dir='ltr'>propendent.</span> <span class='ocrx_word' id='word_1_43' title='bbox 1591 1294 1865 1374; x_wconf 85' lang='lat' dir='ltr'>ltdhospertioent</span> 
     </span>
     <span class='ocr_line' id='line_1_6' title="bbox 401 1389 1863 1478; baseline 0.002 -21"><span class='ocrx_word' id='word_1_44' title='bbox 401 1389 589 1473; x_wconf 88' lang='lat' dir='ltr'>scapulae</span> <span class='ocrx_word' id='word_1_45' title='bbox 608 1392 704 1454; x_wconf 83' lang='lat' dir='ltr'><strong>duae</strong></span> <span class='ocrx_word' id='word_1_46' title='bbox 724 1391 805 1472; x_wconf 86' lang='lat' dir='ltr'>justo</span> <span class='ocrx_word' id='word_1_47' title='bbox 828 1393 960 1456; x_wconf 89' lang='lat' dir='ltr'>minores</span> <span class='ocrx_word' id='word_1_48' title='bbox 980 1394 1016 1454; x_wconf 93' lang='lat' dir='ltr'>ad</span> <span class='ocrx_word' id='word_1_49' title='bbox 1039 1394 1253 1474; x_wconf 76' lang='lat' dir='ltr'><strong>marginem</strong></span> <span class='ocrx_word' id='word_1_50' title='bbox 1275 1394 1474 1458; x_wconf 88' lang='lat' dir='ltr'>internum</span> <span class='ocrx_word' id='word_1_51' title='bbox 1498 1405 1529 1458; x_wconf 91' lang='lat' dir='ltr'>et</span> <span class='ocrx_word' id='word_1_52' title='bbox 1549 1404 1683 1477; x_wconf 86' lang='lat' dir='ltr'>partes</span> <span class='ocrx_word' id='word_1_53' title='bbox 1705 1397 1863 1478; x_wconf 90' lang='lat' dir='ltr'>glenoi-</span> 
     </span>
     <span class='ocr_line' id='line_1_7' title="bbox 401 1494 1862 1582; baseline 0.004 -22"><span class='ocrx_word' id='word_1_54' title='bbox 401 1494 512 1560; x_wconf 86' lang='lat' dir='ltr'>dales</span> <span class='ocrx_word' id='word_1_55' title='bbox 532 1501 766 1568; x_wconf 79' lang='lat' dir='ltr'>concretae,</span> <span class='ocrx_word' id='word_1_56' title='bbox 798 1515 872 1575; x_wconf 85' lang='lat' dir='ltr'>quac</span> <span class='ocrx_word' id='word_1_57' title='bbox 901 1494 1095 1559; x_wconf 88' lang='lat' dir='ltr'>humerum</span> <span class='ocrx_word' id='word_1_58' title='bbox 1125 1496 1388 1562; x_wconf 85' lang='lat' dir='ltr'>brevemnimis</span> <span class='ocrx_word' id='word_1_59' title='bbox 1412 1519 1588 1564; x_wconf 88' lang='lat' dir='ltr'>crassum</span> <span class='ocrx_word' id='word_1_60' title='bbox 1609 1501 1769 1582; x_wconf 75' lang='lat' dir='ltr'>excipiunt.</span> <span class='ocrx_word' id='word_1_61' title='bbox 1814 1503 1862 1566; x_wconf 89' lang='lat' dir='ltr'>Os</span> 
     </span>
     <span class='ocr_line' id='line_1_8' title="bbox 400 1583 1860 1685; baseline 0.005 -26"><span class='ocrx_word' id='word_1_62' title='bbox 400 1593 643 1659; x_wconf 89' lang='lat' dir='ltr'>antibracbii</span> <span class='ocrx_word' id='word_1_63' title='bbox 669 1597 851 1678; x_wconf 81' lang='lat' dir='ltr'>simplex,</span> <span class='ocrx_word' id='word_1_64' title='bbox 880 1597 931 1660; x_wconf 91' lang='lat' dir='ltr'>sed</span> <span class='ocrx_word' id='word_1_65' title='bbox 955 1599 1038 1661; x_wconf 91' lang='lat' dir='ltr'>sulco</span> <span class='ocrx_word' id='word_1_66' title='bbox 1060 1601 1159 1663; x_wconf 88' lang='lat' dir='ltr'>medio</span> <span class='ocrx_word' id='word_1_67' title='bbox 1181 1611 1319 1685; x_wconf 79' lang='lat' dir='ltr'>tanquam</span> <span class='ocrx_word' id='word_1_68' title='bbox 1343 1603 1553 1682; x_wconf 90' lang='lat' dir='ltr'>duplicationis</span> <span class='ocrx_word' id='word_1_69' title='bbox 1576 1604 1662 1684; x_wconf 85' lang='lat' dir='ltr'>signo</span> <span class='ocrx_word' id='word_1_70' title='bbox 1684 1583 1860 1684; x_wconf 87' lang='lat' dir='ltr'>praeditum,</span> 
     </span>
     <span class='ocr_line' id='line_1_9' title="bbox 402 1699 1888 1786; baseline 0.006 -27"><span class='ocrx_word' id='word_1_71' title='bbox 402 1716 468 1759; x_wconf 91' lang='lat' dir='ltr'>com</span> <span class='ocrx_word' id='word_1_72' title='bbox 488 1699 586 1780; x_wconf 82' lang='lat' dir='ltr'>carpis</span> <span class='ocrx_word' id='word_1_73' title='bbox 607 1699 733 1762; x_wconf 90' lang='lat' dir='ltr'>duobus.</span> <span class='ocrx_word' id='word_1_74' title='bbox 778 1702 925 1782; x_wconf 87' lang='lat' dir='ltr'>Carpus</span> <span class='ocrx_word' id='word_1_75' title='bbox 945 1702 1081 1764; x_wconf 80' lang='lat' dir='ltr'>dexter</span> <span class='ocrx_word' id='word_1_76' title='bbox 1103 1705 1343 1768; x_wconf 78' lang='lat' dir='ltr'><strong>articulatur</strong></span> <span class='ocrx_word' id='word_1_77' title='bbox 1365 1725 1445 1768; x_wconf 89' lang='lat' dir='ltr'>cum</span> <span class='ocrx_word' id='word_1_78' title='bbox 1468 1708 1563 1786; x_wconf 88' lang='lat' dir='ltr'>pede</span> <span class='ocrx_word' id='word_1_79' title='bbox 1581 1707 1780 1786; x_wconf 87' lang='lat' dir='ltr'>regulari,</span> <span class='ocrx_word' id='word_1_80' title='bbox 1812 1705 1888 1784; x_wconf 49' lang='lat' dir='ltr'>si-,</span> 
     </span>
    </p>
   </div>
   <div class='ocr_carea' id='block_1_2' title="bbox 399 1802 1862 1990">
    <p class='ocr_par' dir='ltr' id='par_1_3' title="bbox 399 1802 1862 1990">
     <span class='ocr_line' id='line_1_10' title="bbox 399 1802 1862 1892; baseline 0.005 -30"><span class='ocrx_word' id='word_1_81' title='bbox 399 1802 529 1864; x_wconf 88' lang='lat' dir='ltr'>nister</span> <span class='ocrx_word' id='word_1_82' title='bbox 551 1823 779 1884; x_wconf 89' lang='lat' dir='ltr'>carpuscum</span> <span class='ocrx_word' id='word_1_83' title='bbox 801 1806 876 1886; x_wconf 89' lang='lat' dir='ltr'>pede</span> <span class='ocrx_word' id='word_1_84' title='bbox 900 1805 1140 1888; x_wconf 87' lang='lat' dir='ltr'>graciliore,</span> <span class='ocrx_word' id='word_1_85' title='bbox 1171 1808 1232 1870; x_wconf 89' lang='lat' dir='ltr'>vel</span> <span class='ocrx_word' id='word_1_86' title='bbox 1262 1808 1372 1892; x_wconf 81' lang='lat' dir='ltr'>quasi</span> <span class='ocrx_word' id='word_1_87' title='bbox 1403 1809 1639 1884; x_wconf 86' lang='lat' dir='ltr'>dimidiato,</span> <span class='ocrx_word' id='word_1_88' title='bbox 1672 1829 1713 1871; x_wconf 92' lang='lat' dir='ltr'>os</span> <span class='ocrx_word' id='word_1_89' title='bbox 1744 1821 1862 1872; x_wconf 88' lang='lat' dir='ltr'>meta-</span> 
     </span>
     <span class='ocr_line' id='line_1_11' title="bbox 400 1899 1825 1990; baseline 0.007 -23"><span class='ocrx_word' id='word_1_90' title='bbox 400 1905 506 1986; x_wconf 89' lang='lat' dir='ltr'>carpi</span> <span class='ocrx_word' id='word_1_91' title='bbox 532 1907 611 1969; x_wconf 87' lang='lat' dir='ltr'>enim</span> <span class='ocrx_word' id='word_1_92' title='bbox 636 1927 745 1969; x_wconf 91' lang='lat' dir='ltr'>ocum</span> <span class='ocrx_word' id='word_1_93' title='bbox 767 1908 854 1970; x_wconf 88' lang='lat' dir='ltr'>modo</span> <span class='ocrx_word' id='word_1_94' title='bbox 879 1908 1044 1988; x_wconf 77' lang='lat' dir='ltr'>digitum</span> <span class='ocrx_word' id='word_1_95' title='bbox 1068 1909 1156 1990; x_wconf 91' lang='lat' dir='ltr'>gerit.</span> <span class='ocrx_word' id='word_1_96' title='bbox 1821 1899 1825 1909; x_wconf 52' lang='lat'><strong>¹</strong></span> 
     </span>
    </p>
   </div>
   <div class='ocr_carea' id='block_1_3' title="bbox 398 2028 1861 2318">
    <p class='ocr_par' dir='ltr' id='par_1_4' title="bbox 398 2028 1861 2318">
     <span class='ocr_line' id='line_1_12' title="bbox 503 2028 1861 2110; baseline 0.004 -20"><span class='ocrx_word' id='word_1_97' title='bbox 503 2028 621 2090; x_wconf 82' lang='lat' dir='ltr'>Pelvcm</span> <span class='ocrx_word' id='word_1_98' title='bbox 654 2029 815 2110; x_wconf 75' lang='lat' dir='ltr'>legitimam</span> <span class='ocrx_word' id='word_1_99' title='bbox 847 2031 978 2104; x_wconf 82' lang='lat' dir='ltr'>dixeris,</span> <span class='ocrx_word' id='word_1_100' title='bbox 1011 2033 1037 2096; x_wconf 89' lang='lat' dir='ltr'>si</span> <span class='ocrx_word' id='word_1_101' title='bbox 1070 2033 1209 2096; x_wconf 89' lang='lat' dir='ltr'>omiseris</span> <span class='ocrx_word' id='word_1_102' title='bbox 1237 2033 1317 2098; x_wconf 86' lang='lat' dir='ltr'>inter</span> <span class='ocrx_word' id='word_1_103' title='bbox 1337 2053 1406 2096; x_wconf 90' lang='lat' dir='ltr'>ossa</span> <span class='ocrx_word' id='word_1_104' title='bbox 1427 2033 1511 2097; x_wconf 88' lang='lat' dir='ltr'>ilium</span> <span class='ocrx_word' id='word_1_105' title='bbox 1531 2033 1591 2096; x_wconf 91' lang='lat' dir='ltr'>duo</span> <span class='ocrx_word' id='word_1_106' title='bbox 1612 2051 1681 2096; x_wconf 88' lang='lat' dir='ltr'>ossa</span> <span class='ocrx_word' id='word_1_107' title='bbox 1704 2051 1787 2096; x_wconf 83' lang='lat' dir='ltr'>sacre</span> <span class='ocrx_word' id='word_1_108' title='bbox 1812 2033 1861 2110; x_wconf 86' lang='lat' dir='ltr'>(ex</span> 
     </span>
     <span class='ocr_line' id='line_1_13' title="bbox 398 2132 1861 2216; baseline 0.006 -25"><span class='ocrx_word' id='word_1_109' title='bbox 398 2137 524 2210; x_wconf 83' lang='lat' dir='ltr'>utraque</span> <span class='ocrx_word' id='word_1_110' title='bbox 546 2132 630 2214; x_wconf 88' lang='lat' dir='ltr'>spina</span> <span class='ocrx_word' id='word_1_111' title='bbox 653 2147 758 2206; x_wconf 67' lang='lat' dir='ltr'>arnum)</span> <span class='ocrx_word' id='word_1_112' title='bbox 779 2151 846 2196; x_wconf 87' lang='lat' dir='ltr'>cum</span> <span class='ocrx_word' id='word_1_113' title='bbox 864 2134 995 2196; x_wconf 87' lang='lat' dir='ltr'>ossiculo</span> <span class='ocrx_word' id='word_1_114' title='bbox 1017 2135 1188 2216; x_wconf 88' lang='lat' dir='ltr'>supradicto</span> <span class='ocrx_word' id='word_1_115' title='bbox 1210 2135 1389 2199; x_wconf 84' lang='lat' dir='ltr'>intermedio</span> <span class='ocrx_word' id='word_1_116' title='bbox 1412 2156 1480 2198; x_wconf 87' lang='lat' dir='ltr'>essa</span> <span class='ocrx_word' id='word_1_117' title='bbox 1502 2136 1662 2216; x_wconf 77' lang='lat' dir='ltr'>interjecta</span> <span class='ocrx_word' id='word_1_118' title='bbox 1681 2144 1712 2198; x_wconf 89' lang='lat' dir='ltr'>et</span> <span class='ocrx_word' id='word_1_119' title='bbox 1728 2136 1804 2200; x_wconf 88' lang='lat' dir='ltr'>banc</span> <span class='ocrx_word' id='word_1_120' title='bbox 1823 2137 1861 2200; x_wconf 90' lang='lat' dir='ltr'>ob</span> 
     </span>
     <span class='ocr_line' id='line_1_14' title="bbox 400 2233 1454 2318; baseline 0.005 -25"><span class='ocrx_word' id='word_1_121' title='bbox 400 2250 519 2296; x_wconf 88' lang='lat' dir='ltr'>causam</span> <span class='ocrx_word' id='word_1_122' title='bbox 541 2233 637 2313; x_wconf 86' lang='lat' dir='ltr'>pelvis</span> <span class='ocrx_word' id='word_1_123' title='bbox 661 2234 814 2296; x_wconf 73' lang='lat' dir='ltr'>cavitatem</span> <span class='ocrx_word' id='word_1_124' title='bbox 840 2235 931 2296; x_wconf 89' lang='lat' dir='ltr'>multo</span> <span class='ocrx_word' id='word_1_125' title='bbox 954 2254 1022 2296; x_wconf 89' lang='lat' dir='ltr'>esse</span> <span class='ocrx_word' id='word_1_126' title='bbox 1044 2237 1229 2314; x_wconf 77' lang='lat' dir='ltr'>capaciorem</span> <span class='ocrx_word' id='word_1_127' title='bbox 1253 2255 1340 2318; x_wconf 90' lang='lat' dir='ltr'>quam</span> <span class='ocrx_word' id='word_1_128' title='bbox 1359 2238 1454 2298; x_wconf 84' lang='lat' dir='ltr'>decet.</span> 
     </span>
    </p>
   </div>
   <div class='ocr_carea' id='block_1_4' title="bbox 396 2349 1861 3054">
    <p class='ocr_par' dir='ltr' id='par_1_5' title="bbox 396 2349 1861 3054">
     <span class='ocr_line' id='line_1_15' title="bbox 500 2349 1861 2431; baseline 0.001 -17"><span class='ocrx_word' id='word_1_129' title='bbox 500 2349 558 2421; x_wconf 87' lang='lat' dir='ltr'>tl)</span> <span class='ocrx_word' id='word_1_130' title='bbox 601 2351 759 2414; x_wconf 87' lang='lat' dir='ltr'>lduriom</span> <span class='ocrx_word' id='word_1_131' title='bbox 778 2352 971 2416; x_wconf 86' lang='lat' dir='ltr'>sceletum</span> <span class='ocrx_word' id='word_1_132' title='bbox 993 2351 1182 2424; x_wconf 86' lang='lat' dir='ltr'>naturale,</span> <span class='ocrx_word' id='word_1_133' title='bbox 1205 2352 1376 2431; x_wconf 86' lang='lat' dir='ltr'>pessime</span> <span class='ocrx_word' id='word_1_134' title='bbox 1393 2359 1685 2426; x_wconf 69' lang='lat' dir='ltr'>conservatum</span> <span class='ocrx_word' id='word_1_135' title='bbox 1706 2371 1774 2415; x_wconf 85' lang='lat' dir='ltr'>nam</span> <span class='ocrx_word' id='word_1_136' title='bbox 1791 2353 1861 2430; x_wconf 67' lang='lat' dir='ltr'>rolu-</span> 
     </span>
     <span class='ocr_line' id='line_1_16' title="bbox 397 2454 1859 2534; baseline 0.001 -15"><span class='ocrx_word' id='word_1_137' title='bbox 397 2455 482 2520; x_wconf 86' lang='lat' dir='ltr'>ribos</span> <span class='ocrx_word' id='word_1_138' title='bbox 504 2454 579 2518; x_wconf 83' lang='lat' dir='ltr'>locis</span> <span class='ocrx_word' id='word_1_139' title='bbox 599 2474 667 2518; x_wconf 89' lang='lat' dir='ltr'>ossa</span> <span class='ocrx_word' id='word_1_140' title='bbox 698 2455 861 2526; x_wconf 82' lang='lat' dir='ltr'>denudata,</span> <span class='ocrx_word' id='word_1_141' title='bbox 886 2454 989 2518; x_wconf 84' lang='lat' dir='ltr'>alteris</span> <span class='ocrx_word' id='word_1_142' title='bbox 1018 2454 1152 2534; x_wconf 88' lang='lat' dir='ltr'>partibus</span> <span class='ocrx_word' id='word_1_143' title='bbox 1181 2455 1321 2518; x_wconf 89' lang='lat' dir='ltr'>mollibus</span> <span class='ocrx_word' id='word_1_144' title='bbox 1349 2455 1469 2520; x_wconf 77' lang='lat' dir='ltr'>siccatis</span> <span class='ocrx_word' id='word_1_145' title='bbox 1497 2455 1612 2520; x_wconf 86' lang='lat' dir='ltr'>obtecta</span> <span class='ocrx_word' id='word_1_146' title='bbox 1640 2463 1671 2516; x_wconf 88' lang='lat' dir='ltr'>et</span> <span class='ocrx_word' id='word_1_147' title='bbox 1697 2455 1859 2529; x_wconf 76' lang='lat' dir='ltr'>obfuscata,</span> 
     </span>
     <span class='ocr_line' id='line_1_17' title="bbox 398 2557 1854 2640; baseline 0 -18"><span class='ocrx_word' id='word_1_148' title='bbox 398 2558 498 2622; x_wconf 81' lang='lat' dir='ltr'>cronia</span> <span class='ocrx_word' id='word_1_149' title='bbox 522 2558 651 2638; x_wconf 86' lang='lat' dir='ltr'>duplicia</span> <span class='ocrx_word' id='word_1_150' title='bbox 673 2558 798 2622; x_wconf 82' lang='lat' dir='ltr'>multum</span> <span class='ocrx_word' id='word_1_151' title='bbox 821 2557 991 2630; x_wconf 79' lang='lat' dir='ltr'>divaricata.</span> <span class='ocrx_word' id='word_1_152' title='bbox 1013 2558 1097 2637; x_wconf 88' lang='lat' dir='ltr'>spina</span> <span class='ocrx_word' id='word_1_153' title='bbox 1123 2557 1206 2622; x_wconf 87' lang='lat' dir='ltr'>dorsi</span> <span class='ocrx_word' id='word_1_154' title='bbox 1227 2558 1264 2622; x_wconf 88' lang='lat' dir='ltr'>ab</span> <span class='ocrx_word' id='word_1_155' title='bbox 1286 2558 1372 2620; x_wconf 91' lang='lat' dir='ltr'>initio</span> <span class='ocrx_word' id='word_1_156' title='bbox 1395 2577 1489 2640; x_wconf 79' lang='lat' dir='ltr'>usque</span> <span class='ocrx_word' id='word_1_157' title='bbox 1508 2559 1547 2620; x_wconf 87' lang='lat' dir='ltr'>ad</span> <span class='ocrx_word' id='word_1_158' title='bbox 1565 2559 1718 2638; x_wconf 80' lang='lat' dir='ltr'>regionem</span> <span class='ocrx_word' id='word_1_159' title='bbox 1742 2559 1854 2624; x_wconf 86' lang='lat' dir='ltr'>lomba-</span> 
     </span>
     <span class='ocr_line' id='line_1_18' title="bbox 396 2661 1857 2741; baseline 0.001 -17"><span class='ocrx_word' id='word_1_160' title='bbox 396 2679 462 2726; x_wconf 83' lang='lat' dir='ltr'>rsm</span> <span class='ocrx_word' id='word_1_161' title='bbox 485 2661 612 2740; x_wconf 80' lang='lat' dir='ltr'>duplex.</span> <span class='ocrx_word' id='word_1_162' title='bbox 644 2663 738 2726; x_wconf 89' lang='lat' dir='ltr'>cauda</span> <span class='ocrx_word' id='word_1_163' title='bbox 772 2680 843 2726; x_wconf 84' lang='lat' dir='ltr'>vero</span> <span class='ocrx_word' id='word_1_164' title='bbox 870 2661 1009 2740; x_wconf 78' lang='lat' dir='ltr'>simplex.</span> <span class='ocrx_word' id='word_1_165' title='bbox 1053 2661 1150 2726; x_wconf 87' lang='lat' dir='ltr'>Simili</span> <span class='ocrx_word' id='word_1_166' title='bbox 1172 2661 1270 2736; x_wconf 84' lang='lat' dir='ltr'>modo</span> <span class='ocrx_word' id='word_1_167' title='bbox 1285 2662 1421 2726; x_wconf 88' lang='lat' dir='ltr'>tbcracos</span> <span class='ocrx_word' id='word_1_168' title='bbox 1444 2662 1474 2726; x_wconf 89' lang='lat' dir='ltr'>in</span> <span class='ocrx_word' id='word_1_169' title='bbox 1495 2661 1594 2724; x_wconf 82' lang='lat' dir='ltr'>sotice</span> <span class='ocrx_word' id='word_1_170' title='bbox 1617 2671 1701 2741; x_wconf 88' lang='lat' dir='ltr'>parte</span> <span class='ocrx_word' id='word_1_171' title='bbox 1723 2661 1857 2740; x_wconf 88' lang='lat' dir='ltr'>duplices</span> 
     </span>
     <span class='ocr_line' id='line_1_19' title="bbox 399 2763 1857 2846; baseline 0.001 -18"><span class='ocrx_word' id='word_1_172' title='bbox 399 2775 487 2838; x_wconf 84' lang='lat' dir='ltr'>suot,</span> <span class='ocrx_word' id='word_1_173' title='bbox 508 2775 634 2846; x_wconf 71' lang='lat' dir='ltr'>umacus</span> <span class='ocrx_word' id='word_1_174' title='bbox 655 2766 759 2836; x_wconf 78' lang='lat' dir='ltr'>thorax</span> <span class='ocrx_word' id='word_1_175' title='bbox 781 2765 908 2845; x_wconf 86' lang='lat' dir='ltr'>podibus</span> <span class='ocrx_word' id='word_1_176' title='bbox 930 2765 1131 2830; x_wconf 83' lang='lat' dir='ltr'>obterioribos</span> <span class='ocrx_word' id='word_1_177' title='bbox 1153 2764 1270 2828; x_wconf 79' lang='lat' dir='ltr'>ombus</span> <span class='ocrx_word' id='word_1_178' title='bbox 1294 2765 1473 2838; x_wconf 82' lang='lat' dir='ltr'>instructos,</span> <span class='ocrx_word' id='word_1_179' title='bbox 1503 2763 1596 2843; x_wconf 84' lang='lat' dir='ltr'>pedes</span> <span class='ocrx_word' id='word_1_180' title='bbox 1618 2764 1801 2841; x_wconf 77' lang='lat' dir='ltr'>posteriores</span> <span class='ocrx_word' id='word_1_181' title='bbox 1818 2763 1857 2830; x_wconf 82' lang='lat' dir='ltr'>ad</span> 
     </span>
     <span class='ocr_line' id='line_1_20' title="bbox 397 2866 1859 2951; baseline 0 -19"><span class='ocrx_word' id='word_1_182' title='bbox 397 2870 532 2950; x_wconf 86' lang='lat' dir='ltr'>pelvem,</span> <span class='ocrx_word' id='word_1_183' title='bbox 566 2889 639 2951; x_wconf 80' lang='lat' dir='ltr'>occo</span> <span class='ocrx_word' id='word_1_184' title='bbox 659 2871 792 2950; x_wconf 83' lang='lat' dir='ltr'>simplex·</span> <span class='ocrx_word' id='word_1_185' title='bbox 806 2870 941 2942; x_wconf 87' lang='lat' dir='ltr'>videtur,</span> <span class='ocrx_word' id='word_1_186' title='bbox 973 2867 1032 2932; x_wconf 86' lang='lat' dir='ltr'>duo</span> <span class='ocrx_word' id='word_1_187' title='bbox 1051 2869 1130 2932; x_wconf 86' lang='lat' dir='ltr'>sdct.</span> <span class='ocrx_word' id='word_1_188' title='bbox 1174 2867 1267 2931; x_wconf 86' lang='lat' dir='ltr'>Prava</span> <span class='ocrx_word' id='word_1_189' title='bbox 1287 2867 1399 2930; x_wconf 83' lang='lat' dir='ltr'>veteris</span> <span class='ocrx_word' id='word_1_190' title='bbox 1420 2866 1509 2947; x_wconf 72' lang='lat' dir='ltr'>buius</span> <span class='ocrx_word' id='word_1_191' title='bbox 1532 2866 1698 2946; x_wconf 85' lang='lat' dir='ltr'>praeparati</span> <span class='ocrx_word' id='word_1_192' title='bbox 1727 2867 1859 2932; x_wconf 88' lang='lat' dir='ltr'>conditio</span> 
     </span>
     <span class='ocr_line' id='line_1_21' title="bbox 398 2970 1490 3054; baseline -0.004 -18"><span class='ocrx_word' id='word_1_193' title='bbox 398 2973 527 3036; x_wconf 82' lang='lat' dir='ltr'>lubricae</span> <span class='ocrx_word' id='word_1_194' title='bbox 549 2983 734 3036; x_wconf 85' lang='lat' dir='ltr'>monstrosae</span> <span class='ocrx_word' id='word_1_195' title='bbox 757 2974 971 3036; x_wconf 86' lang='lat' dir='ltr'>accuratiorem</span> <span class='ocrx_word' id='word_1_196' title='bbox 991 2972 1232 3054; x_wconf 84' lang='lat' dir='ltr'>disquisitionem</span> <span class='ocrx_word' id='word_1_197' title='bbox 1253 2989 1313 3034; x_wconf 89' lang='lat' dir='ltr'>non</span> <span class='ocrx_word' id='word_1_198' title='bbox 1336 2970 1490 3050; x_wconf 79' lang='lat' dir='ltr'>permittit.</span> 
     </span>
    </p>
   </div>
   <div class='ocr_carea' id='block_1_5' title="bbox 396 3089 1880 4430">
    <p class='ocr_par' dir='ltr' id='par_1_6' title="bbox 396 3089 1861 3996">
     <span class='ocr_line' id='line_1_22' title="bbox 501 3089 1860 3176; baseline -0.003 -20"><span class='ocrx_word' id='word_1_199' title='bbox 501 3091 558 3176; x_wconf 78' lang='lat'>42)</span> <span class='ocrx_word' id='word_1_200' title='bbox 609 3094 733 3158; x_wconf 87' lang='lat' dir='ltr'>llitoli</span> <span class='ocrx_word' id='word_1_201' title='bbox 766 3093 926 3156; x_wconf 88' lang='lat' dir='ltr'>icmiosi</span> <span class='ocrx_word' id='word_1_202' title='bbox 965 3093 1155 3158; x_wconf 84' lang='lat' dir='ltr'>sceletum</span> <span class='ocrx_word' id='word_1_203' title='bbox 1194 3091 1340 3156; x_wconf 88' lang='lat' dir='ltr'>duobos</span> <span class='ocrx_word' id='word_1_204' title='bbox 1375 3089 1577 3171; x_wconf 87' lang='lat' dir='ltr'>capitibus</span> <span class='ocrx_word' id='word_1_205' title='bbox 1611 3089 1860 3154; x_wconf 88' lang='lat' dir='ltr'>instructum.</span> 
     </span>
     <span class='ocr_line' id='line_1_23' title="bbox 396 3194 1861 3277; baseline -0.004 -17"><span class='ocrx_word' id='word_1_206' title='bbox 396 3195 542 3277; x_wconf 87' lang='lat' dir='ltr'>Foetuum</span> <span class='ocrx_word' id='word_1_207' title='bbox 571 3198 796 3259; x_wconf 89' lang='lat' dir='ltr'>immaturorum</span> <span class='ocrx_word' id='word_1_208' title='bbox 824 3195 1001 3275; x_wconf 88' lang='lat' dir='ltr'>pusillorum</span> <span class='ocrx_word' id='word_1_209' title='bbox 1029 3197 1162 3258; x_wconf 82' lang='lat' dir='ltr'>cronia</span> <span class='ocrx_word' id='word_1_210' title='bbox 1184 3203 1302 3276; x_wconf 88' lang='lat' dir='ltr'>praeter</span> <span class='ocrx_word' id='word_1_211' title='bbox 1323 3196 1442 3260; x_wconf 83' lang='lat' dir='ltr'>levem</span> <span class='ocrx_word' id='word_1_212' title='bbox 1466 3194 1745 3276; x_wconf 86' lang='lat' dir='ltr'>obliquitatem</span> <span class='ocrx_word' id='word_1_213' title='bbox 1769 3212 1861 3255; x_wconf 91' lang='lat' dir='ltr'>nor-</span> 
     </span>
     <span class='ocr_line' id='line_1_24' title="bbox 399 3295 1859 3383; baseline -0.005 -19"><span class='ocrx_word' id='word_1_214' title='bbox 399 3302 527 3376; x_wconf 83' lang='lat' dir='ltr'>malia;</span> <span class='ocrx_word' id='word_1_215' title='bbox 550 3312 756 3383; x_wconf 87' lang='lat' dir='ltr'>utromque</span> <span class='ocrx_word' id='word_1_216' title='bbox 777 3320 858 3364; x_wconf 89' lang='lat' dir='ltr'>com</span> <span class='ocrx_word' id='word_1_217' title='bbox 881 3301 1035 3364; x_wconf 86' lang='lat' dir='ltr'>atlante</span> <span class='ocrx_word' id='word_1_218' title='bbox 1058 3307 1089 3362; x_wconf 91' lang='lat' dir='ltr'>et</span> <span class='ocrx_word' id='word_1_219' title='bbox 1111 3298 1369 3379; x_wconf 90' lang='lat' dir='ltr'>epistropbeo</span> <span class='ocrx_word' id='word_1_220' title='bbox 1397 3298 1443 3360; x_wconf 91' lang='lat' dir='ltr'>sui</span> <span class='ocrx_word' id='word_1_221' title='bbox 1468 3295 1571 3359; x_wconf 90' lang='lat' dir='ltr'>lateris</span> <span class='ocrx_word' id='word_1_222' title='bbox 1596 3297 1859 3378; x_wconf 85' lang='lat' dir='ltr'>conjunctum,</span> 
     </span>
     <span class='ocr_line' id='line_1_25' title="bbox 398 3397 1859 3484; baseline -0.003 -21"><span class='ocrx_word' id='word_1_223' title='bbox 398 3404 578 3466; x_wconf 85' lang='lat' dir='ltr'>vtertebrs</span> <span class='ocrx_word' id='word_1_224' title='bbox 602 3403 720 3464; x_wconf 90' lang='lat' dir='ltr'>tertia</span> <span class='ocrx_word' id='word_1_225' title='bbox 744 3411 773 3462; x_wconf 90' lang='lat' dir='ltr'>et</span> <span class='ocrx_word' id='word_1_226' title='bbox 798 3412 935 3484; x_wconf 84' lang='lat' dir='ltr'>quarta</span> <span class='ocrx_word' id='word_1_227' title='bbox 959 3402 1139 3483; x_wconf 87' lang='lat' dir='ltr'>duplices</span> <span class='ocrx_word' id='word_1_228' title='bbox 1162 3402 1293 3482; x_wconf 84' lang='lat' dir='ltr'>quidem,</span> <span class='ocrx_word' id='word_1_229' title='bbox 1315 3401 1367 3464; x_wconf 87' lang='lat' dir='ltr'>sed</span> <span class='ocrx_word' id='word_1_230' title='bbox 1391 3401 1524 3474; x_wconf 83' lang='lat' dir='ltr'>coalitos,</span> <span class='ocrx_word' id='word_1_231' title='bbox 1548 3400 1587 3462; x_wconf 90' lang='lat' dir='ltr'>ita</span> <span class='ocrx_word' id='word_1_232' title='bbox 1602 3408 1634 3460; x_wconf 92' lang='lat' dir='ltr'>ut</span> <span class='ocrx_word' id='word_1_233' title='bbox 1649 3397 1859 3460; x_wconf 87' lang='lat' dir='ltr'>auteriorcolli</span> 
     </span>
     <span class='ocr_line' id='line_1_26' title="bbox 397 3499 1859 3584; baseline -0.001 -20"><span class='ocrx_word' id='word_1_234' title='bbox 397 3523 466 3584; x_wconf 87' lang='lat' dir='ltr'>pnrs</span> <span class='ocrx_word' id='word_1_235' title='bbox 501 3503 608 3582; x_wconf 83' lang='lat' dir='ltr'>duplex</span> <span class='ocrx_word' id='word_1_236' title='bbox 642 3523 657 3564; x_wconf 92' lang='lat' dir='ltr'>a</span> <span class='ocrx_word' id='word_1_237' title='bbox 691 3503 774 3568; x_wconf 87' lang='lat' dir='ltr'>tertia</span> <span class='ocrx_word' id='word_1_238' title='bbox 808 3503 944 3565; x_wconf 84' lang='lat' dir='ltr'>vertebra</span> <span class='ocrx_word' id='word_1_239' title='bbox 978 3503 1137 3568; x_wconf 80' lang='lat' dir='ltr'>divaricata</span> <span class='ocrx_word' id='word_1_240' title='bbox 1169 3503 1208 3567; x_wconf 88' lang='lat' dir='ltr'>sit</span> <span class='ocrx_word' id='word_1_241' title='bbox 1229 3505 1260 3567; x_wconf 94' lang='lat' dir='ltr'>in</span> <span class='ocrx_word' id='word_1_242' title='bbox 1283 3504 1424 3582; x_wconf 76' lang='lat' dir='ltr'>angulum</span> <span class='ocrx_word' id='word_1_243' title='bbox 1446 3502 1598 3564; x_wconf 88' lang='lat' dir='ltr'>obtusum.</span> <span class='ocrx_word' id='word_1_244' title='bbox 1644 3499 1859 3562; x_wconf 82' lang='lat' dir='ltr'>Vertebvae</span> 
     </span>
     <span class='ocr_line' id='line_1_27' title="bbox 400 3603 1860 3686; baseline -0.003 -18"><span class='ocrx_word' id='word_1_245' title='bbox 400 3607 799 3672; x_wconf 83' lang='lat' dir='ltr'>dorsalesscolicsiu</span> <span class='ocrx_word' id='word_1_246' title='bbox 831 3607 1177 3684; x_wconf 89' lang='lat' dir='ltr'>insignemollerunt</span> <span class='ocrx_word' id='word_1_247' title='bbox 1199 3615 1228 3670; x_wconf 90' lang='lat' dir='ltr'>et</span> <span class='ocrx_word' id='word_1_248' title='bbox 1250 3605 1356 3686; x_wconf 88' lang='lat' dir='ltr'>incipit</span> <span class='ocrx_word' id='word_1_249' title='bbox 1378 3605 1490 3686; x_wconf 89' lang='lat' dir='ltr'>spina</span> <span class='ocrx_word' id='word_1_250' title='bbox 1523 3603 1650 3666; x_wconf 90' lang='lat' dir='ltr'>bilida</span> <span class='ocrx_word' id='word_1_251' title='bbox 1680 3623 1695 3664; x_wconf 93' lang='lat' dir='ltr'>a</span> <span class='ocrx_word' id='word_1_252' title='bbox 1727 3603 1860 3682; x_wconf 85' lang='lat' dir='ltr'>quinta</span> 
     </span>
     <span class='ocr_line' id='line_1_28' title="bbox 397 3705 1859 3790; baseline -0.005 -16"><span class='ocrx_word' id='word_1_253' title='bbox 397 3709 518 3774; x_wconf 89' lang='lat' dir='ltr'>circiter</span> <span class='ocrx_word' id='word_1_254' title='bbox 538 3708 726 3786; x_wconf 83' lang='lat' dir='ltr'>vertebra,</span> <span class='ocrx_word' id='word_1_255' title='bbox 751 3727 826 3790; x_wconf 88' lang='lat' dir='ltr'>quae</span> <span class='ocrx_word' id='word_1_256' title='bbox 847 3710 889 3771; x_wconf 89' lang='lat' dir='ltr'>ad</span> <span class='ocrx_word' id='word_1_257' title='bbox 913 3729 955 3772; x_wconf 89' lang='lat' dir='ltr'>os</span> <span class='ocrx_word' id='word_1_258' title='bbox 976 3728 1129 3772; x_wconf 89' lang='lat' dir='ltr'>sacrum</span> <span class='ocrx_word' id='word_1_259' title='bbox 1151 3717 1210 3770; x_wconf 90' lang='lat' dir='ltr'>cst</span> <span class='ocrx_word' id='word_1_260' title='bbox 1232 3716 1403 3770; x_wconf 83' lang='lat' dir='ltr'>extensa.</span> <span class='ocrx_word' id='word_1_261' title='bbox 1449 3706 1480 3768; x_wconf 90' lang='lat' dir='ltr'>ln</span> <span class='ocrx_word' id='word_1_262' title='bbox 1503 3705 1628 3786; x_wconf 88' lang='lat' dir='ltr'>regione</span> <span class='ocrx_word' id='word_1_263' title='bbox 1648 3705 1773 3770; x_wconf 87' lang='lat' dir='ltr'>lumbari</span> <span class='ocrx_word' id='word_1_264' title='bbox 1792 3723 1859 3766; x_wconf 90' lang='lat' dir='ltr'>ver·</span> 
     </span>
     <span class='ocr_line' id='line_1_29' title="bbox 398 3807 1859 3894; baseline -0.006 -17"><span class='ocrx_word' id='word_1_265' title='bbox 398 3815 548 3877; x_wconf 80' lang='lat' dir='ltr'>tebrarum</span> <span class='ocrx_word' id='word_1_266' title='bbox 580 3831 668 3876; x_wconf 90' lang='lat' dir='ltr'>arcus</span> <span class='ocrx_word' id='word_1_267' title='bbox 703 3813 843 3877; x_wconf 90' lang='lat' dir='ltr'>deorsum</span> <span class='ocrx_word' id='word_1_268' title='bbox 875 3821 945 3876; x_wconf 90' lang='lat' dir='ltr'>sunt</span> <span class='ocrx_word' id='word_1_269' title='bbox 980 3813 1092 3876; x_wconf 84' lang='lat' dir='ltr'>reflexi.</span> <span class='ocrx_word' id='word_1_270' title='bbox 1144 3810 1299 3876; x_wconf 86' lang='lat' dir='ltr'>lliscerum</span> <span class='ocrx_word' id='word_1_271' title='bbox 1333 3810 1462 3894; x_wconf 88' lang='lat' dir='ltr'>pectoris</span> <span class='ocrx_word' id='word_1_272' title='bbox 1493 3816 1677 3871; x_wconf 86' lang='lat' dir='ltr'>structuram</span> <span class='ocrx_word' id='word_1_273' title='bbox 1707 3807 1763 3869; x_wconf 80' lang='lat' dir='ltr'>alto</span> <span class='ocrx_word' id='word_1_274' title='bbox 1792 3807 1859 3869; x_wconf 91' lang='lat' dir='ltr'>loco</span> 
     </span>
     <span class='ocr_line' id='line_1_30' title="bbox 397 3913 597 3996; baseline -0.01 -18"><span class='ocrx_word' id='word_1_275' title='bbox 397 3913 597 3996; x_wconf 74' lang='lat' dir='ltr'>descripsi‘).</span> 
     </span>
    </p>

    <p class='ocr_par' dir='ltr' id='par_1_7' title="bbox 397 4031 1880 4430">
     <span class='ocr_line' id='line_1_31' title="bbox 500 4031 1857 4116; baseline -0.002 -18"><span class='ocrx_word' id='word_1_276' title='bbox 500 4034 556 4116; x_wconf 77' lang='lat' dir='ltr'>ts)</span> <span class='ocrx_word' id='word_1_277' title='bbox 591 4032 808 4098; x_wconf 88' lang='lat' dir='ltr'>llitulorom</span> <span class='ocrx_word' id='word_1_278' title='bbox 826 4035 917 4098; x_wconf 87' lang='lat' dir='ltr'>itam</span> <span class='ocrx_word' id='word_1_279' title='bbox 935 4035 1162 4116; x_wconf 86' lang='lat' dir='ltr'>bicipitiom</span> <span class='ocrx_word' id='word_1_280' title='bbox 1185 4032 1386 4098; x_wconf 87' lang='lat' dir='ltr'>sceletum.</span> <span class='ocrx_word' id='word_1_281' title='bbox 1409 4033 1527 4096; x_wconf 85' lang='lat' dir='ltr'>Bestiae</span> <span class='ocrx_word' id='word_1_282' title='bbox 1540 4031 1857 4116; x_wconf 69' lang='lat' dir='ltr'>smtpautomsjores</span> 
     </span>
     <span class='ocr_line' id='line_1_32' title="bbox 399 4137 1858 4222; baseline -0.003 -18"><span class='ocrx_word' id='word_1_283' title='bbox 399 4139 580 4222; x_wconf 79' lang='lat' dir='ltr'>cppbosi‚</span> <span class='ocrx_word' id='word_1_284' title='bbox 603 4140 709 4220; x_wconf 91' lang='lat' dir='ltr'>spina</span> <span class='ocrx_word' id='word_1_285' title='bbox 731 4139 857 4202; x_wconf 77' lang='lat' dir='ltr'>bisina</span> <span class='ocrx_word' id='word_1_286' title='bbox 879 4149 908 4202; x_wconf 89' lang='lat' dir='ltr'>et</span> <span class='ocrx_word' id='word_1_287' title='bbox 930 4141 1132 4220; x_wconf 80' lang='lat' dir='ltr'>synestosi</span> <span class='ocrx_word' id='word_1_288' title='bbox 1155 4157 1408 4220; x_wconf 88' lang='lat' dir='ltr'>processuum</span> <span class='ocrx_word' id='word_1_289' title='bbox 1430 4137 1681 4220; x_wconf 87' lang='lat' dir='ltr'>spinosorum</span> <span class='ocrx_word' id='word_1_290' title='bbox 1704 4137 1733 4198; x_wconf 93' lang='lat' dir='ltr'>in</span> <span class='ocrx_word' id='word_1_291' title='bbox 1755 4137 1858 4200; x_wconf 87' lang='lat' dir='ltr'>ultimo</span> 
     </span>
     <span class='ocr_line' id='line_1_33' title="bbox 397 4227 1880 4322; baseline -0.001 -18"><span class='ocrx_word' id='word_1_292' title='bbox 397 4242 487 4308; x_wconf 88' lang='lat' dir='ltr'>dorso</span> <span class='ocrx_word' id='word_1_293' title='bbox 502 4245 631 4308; x_wconf 84' lang='lat' dir='ltr'>allectae.</span> <span class='ocrx_word' id='word_1_294' title='bbox 671 4241 852 4306; x_wconf 84' lang='lat' dir='ltr'>Cervicis</span> <span class='ocrx_word' id='word_1_295' title='bbox 875 4243 1087 4304; x_wconf 86' lang='lat' dir='ltr'>vertebrae</span> <span class='ocrx_word' id='word_1_296' title='bbox 1109 4227 1313 4322; x_wconf 84' lang='lat' dir='ltr'>simplices</span> <span class='ocrx_word' id='word_1_297' title='bbox 1337 4259 1456 4322; x_wconf 86' lang='lat' dir='ltr'>usque</span> <span class='ocrx_word' id='word_1_298' title='bbox 1478 4240 1521 4302; x_wconf 86' lang='lat' dir='ltr'>ad</span> <span class='ocrx_word' id='word_1_299' title='bbox 1545 4239 1880 4322; x_wconf 76' lang='lat' dir='ltr'>epistropbeum&#39;</span> 
     </span>
     <span class='ocr_line' id='line_1_34' title="bbox 400 4345 1858 4430; baseline -0.002 -22"><span class='ocrx_word' id='word_1_300' title='bbox 400 4348 452 4426; x_wconf 86' lang='lat' dir='ltr'>qni</span> <span class='ocrx_word' id='word_1_301' title='bbox 474 4367 517 4412; x_wconf 83' lang='lat' dir='ltr'>ex</span> <span class='ocrx_word' id='word_1_302' title='bbox 541 4348 749 4430; x_wconf 84' lang='lat' dir='ltr'>utriusque</span> <span class='ocrx_word' id='word_1_303' title='bbox 772 4345 915 4410; x_wconf 82' lang='lat' dir='ltr'>lateris</span> <span class='ocrx_word' id='word_1_304' title='bbox 932 4365 1002 4410; x_wconf 87' lang='lat' dir='ltr'>osse</span> <span class='ocrx_word' id='word_1_305' title='bbox 1024 4353 1070 4410; x_wconf 86' lang='lat' dir='ltr'>est</span> <span class='ocrx_word' id='word_1_306' title='bbox 1092 4346 1277 4418; x_wconf 85' lang='lat' dir='ltr'>coalitus,</span> <span class='ocrx_word' id='word_1_307' title='bbox 1301 4346 1476 4410; x_wconf 87' lang='lat' dir='ltr'>atlantes</span> <span class='ocrx_word' id='word_1_308' title='bbox 1498 4346 1572 4408; x_wconf 92' lang='lat' dir='ltr'>duo</span> <span class='ocrx_word' id='word_1_309' title='bbox 1595 4345 1708 4410; x_wconf 88' lang='lat' dir='ltr'>directe</span> <span class='ocrx_word' id='word_1_310' title='bbox 1726 4345 1784 4408; x_wconf 90' lang='lat' dir='ltr'>sibi</span> <span class='ocrx_word' id='word_1_311' title='bbox 1802 4361 1858 4428; x_wconf 91' lang='lat' dir='ltr'>op-</span> 
     </span>
    </p>
   </div>
   <div class='ocr_carea' id='block_1_6' title="bbox 406 4511 718 4532">
    <p class='ocr_par' dir='ltr' id='par_1_8' title="bbox 406 4511 718 4532">
     <span class='ocr_line' id='line_1_35' title="bbox 406 4511 718 4532; baseline 0 -6"><span class='ocrx_word' id='word_1_312' title='bbox 406 4511 718 4532; x_wconf 50' lang='lat' dir='ltr'>m*</span> 
     </span>
    </p>
   </div>
   <div class='ocr_carea' id='block_1_7' title="bbox 441 4593 1855 4902">
    <p class='ocr_par' dir='ltr' id='par_1_9' title="bbox 441 4593 1855 4902">
     <span class='ocr_line' id='line_1_36' title="bbox 441 4593 1855 4699; baseline -0.001 -26"><span class='ocrx_word' id='word_1_313' title='bbox 441 4611 471 4692; x_wconf 75' lang='lat' dir='ltr'>*p</span> <span class='ocrx_word' id='word_1_314' title='bbox 493 4593 638 4680; x_wconf 78' lang='lat' dir='ltr'>bmtllrbsr</span> <span class='ocrx_word' id='word_1_315' title='bbox 660 4621 766 4680; x_wconf 81' lang='lat' dir='ltr'>ltericbt</span> <span class='ocrx_word' id='word_1_316' title='bbox 786 4620 855 4678; x_wconf 89' lang='lat' dir='ltr'>ttber</span> <span class='ocrx_word' id='word_1_317' title='bbox 874 4619 917 4678; x_wconf 87' lang='lat' dir='ltr'>dis</span> <span class='ocrx_word' id='word_1_318' title='bbox 938 4619 1000 4678; x_wconf 86' lang='lat' dir='ltr'>ldcl</span> <span class='ocrx_word' id='word_1_319' title='bbox 1017 4620 1073 4678; x_wconf 87' lang='lat' dir='ltr'>uod</span> <span class='ocrx_word' id='word_1_320' title='bbox 1096 4621 1260 4696; x_wconf 74' lang='lat' dir='ltr'>zwaudgsto</span> <span class='ocrx_word' id='word_1_321' title='bbox 1279 4619 1485 4699; x_wconf 83' lang='lat' dir='ltr'>Versammlong</span> <span class='ocrx_word' id='word_1_322' title='bbox 1506 4619 1555 4677; x_wconf 88' lang='lat' dir='ltr'>der</span> <span class='ocrx_word' id='word_1_323' title='bbox 1578 4615 1754 4676; x_wconf 80' lang='lat' dir='ltr'>Gerellscbalt</span> <span class='ocrx_word' id='word_1_324' title='bbox 1780 4615 1855 4674; x_wconf 84' lang='lat' dir='ltr'>deat-</span> 
     </span>
     <span class='ocr_line' id='line_1_37' title="bbox 485 4717 1852 4800; baseline -0.001 -21"><span class='ocrx_word' id='word_1_325' title='bbox 485 4721 565 4779; x_wconf 88' lang='lat' dir='ltr'>scbsr</span> <span class='ocrx_word' id='word_1_326' title='bbox 586 4721 796 4782; x_wconf 78' lang='lat' dir='ltr'>Naturtorscber</span> <span class='ocrx_word' id='word_1_327' title='bbox 812 4723 868 4780; x_wconf 91' lang='lat' dir='ltr'>und</span> <span class='ocrx_word' id='word_1_328' title='bbox 888 4727 985 4783; x_wconf 74' lang='lat' dir='ltr'>berete</span> <span class='ocrx_word' id='word_1_329' title='bbox 1006 4724 1034 4781; x_wconf 81' lang='lat' dir='ltr'>iu</span> <span class='ocrx_word' id='word_1_330' title='bbox 1056 4723 1164 4782; x_wconf 76' lang='lat' dir='ltr'>Aeolion</span> <span class='ocrx_word' id='word_1_331' title='bbox 1185 4725 1221 4782; x_wconf 91' lang='lat' dir='ltr'>im</span> <span class='ocrx_word' id='word_1_332' title='bbox 1243 4724 1403 4800; x_wconf 80' lang='lat' dir='ltr'>September</span> <span class='ocrx_word' id='word_1_333' title='bbox 1427 4722 1519 4785; x_wconf 72' lang='lat'><strong>18⁴7.</strong></span> <span class='ocrx_word' id='word_1_334' title='bbox 1563 4723 1673 4782; x_wconf 77' lang='lat' dir='ltr'>sacten</span> <span class='ocrx_word' id='word_1_335' title='bbox 1698 4718 1789 4780; x_wconf 78' lang='lat' dir='ltr'>ists.</span> <span class='ocrx_word' id='word_1_336' title='bbox 1821 4717 1852 4778; x_wconf 82' lang='grc'>4.</span> 
     </span>
     <span class='ocr_line' id='line_1_38' title="bbox 485 4822 1059 4902; baseline 0.009 -21"><span class='ocrx_word' id='word_1_337' title='bbox 485 4841 547 4900; x_wconf 80' lang='lat' dir='ltr'>pag</span> <span class='ocrx_word' id='word_1_338' title='bbox 573 4822 643 4884; x_wconf 74' lang='lat'>188.</span> <span class='ocrx_word' id='word_1_339' title='bbox 687 4826 762 4888; x_wconf 74' lang='lat' dir='ltr'>tuat</span> <span class='ocrx_word' id='word_1_340' title='bbox 780 4827 802 4886; x_wconf 88' lang='lat' dir='ltr'>l.</span> <span class='ocrx_word' id='word_1_341' title='bbox 844 4826 901 4902; x_wconf 72' lang='lat' dir='ltr'>lig.</span> <span class='ocrx_word' id='word_1_342' title='bbox 925 4828 952 4886; x_wconf 89' lang='lat' dir='ltr'>l.</span> <span class='ocrx_word' id='word_1_343' title='bbox 976 4827 1007 4886; x_wconf 70' lang='lat'>2.</span> <span class='ocrx_word' id='word_1_344' title='bbox 1029 4827 1059 4886; x_wconf 69' lang='grc' dir='ltr'>Β.</span> 
     </span>
    </p>
   </div>
   <div class='ocr_carea' id='block_1_8' title="bbox 0 0 2364 5846">
    <p class='ocr_par' dir='ltr' id='par_1_10' title="bbox 0 0 2364 5846">
     <span class='ocr_line' id='line_1_39' title="bbox 0 0 2364 5846; baseline 0 0"><span class='ocrx_word' id='word_1_345' title='bbox 0 0 2364 5846; x_wconf 95' lang='lat' dir='ltr'> </span> 
     </span>
    </p>
   </div>
  </div>
 </body>
</html>
