4716 5846
552 1075 616 1147 lae
644 1072 784 1148 dextrae
809 1074 968 1146 normulis
993 1072 1068 1145 husi
1090 1081 1252 1146 concreta
1277 1079 1370 1159 ernt3
1396 1072 1529 1166 utrique
1556 1071 1637 1166 pedi
1663 1092 1704 1144 os
1727 1071 1859 1146 humeri
1873 1071 2020 1167 simplex

554 1219 599 1282 -et
620 1231 799 1282 commune
835 1219 908 1301 est,
941 1208 1184 1283 autihrachium
1216 1208 1453 1302 imperfectum
1486 1206 1620 1302 quidem
1645 1215 1759 1279 tamen
1787 1207 2019 1302 duplicationis

563 1347 712 1436 vestigia
738 1343 858 1435 offert3
883 1367 963 1419 ossa
990 1349 1163 1418 metatarsi
1190 1349 1351 1417 concreta
1377 1352 1456 1416 sunt
1480 1351 1669 1436 gerantque
1695 1341 1840 1435 ungules
1867 1351 2019 1438 quatuor.

555 1480 729 1554 ‚Columna
757 1479 972 1571 vermiculis,
998 1489 1155 1575 quantum
1184 1482 1340 1554 examine
1368 1478 1532 1551 subitario
1547 1477 1761 1550 intellexisse
1782 1477 1862 1550 mihi
1889 1477 2022 1570 videor,

563 1617 710 1713 simplex
724 1627 790 1708 est,
817 1639 929 1710 neque
955 1615 1118 1710 reliquum
1146 1615 1311 1688 sceletum
1333 1613 1433 1685 ullam
1460 1613 1708 1686 deformitatem
1735 1612 1866 1687 obtulit.

554 1815 560 1824 ι
667 1767 764 1854 Quae
789 1769 809 1841 J
818 1791 927 1840 cuae
947 1768 1018 1841 vidi
1044 1770 1202 1864 exempla
1229 1768 1285 1839 hic
1304 1767 1430 1839 leviter
1454 1775 1580 1839 tantum
1606 1773 1755 1859 tangam,
1783 1769 1859 1861 quia
1877 1788 2022 1841 accura-

561 1909 651 1978 tiore
677 1903 910 1998 disquisitione
938 1913 972 1974 et
997 1903 1225 1999 descriptione
1252 1924 1338 2000 opus
1364 1912 1429 1993 est,
1456 1913 1492 1974 ut
1517 1903 1634 1975 horum
1658 1913 1883 1976 monstrorum
1910 1904 2022 1978 histo*

561 2043 614 2113 ria
640 2063 702 2136 pro
729 2043 781 2112 rei
809 2041 980 2132 gravitate
1007 2039 1212 2112 absolvatur.
1239 2077 1291 2090 -
1341 2039 1498 2112 Alterum
1522 2059 1655 2111 vaccae
1678 2038 1753 2110 iere
1778 2038 1911 2112 biennis
1937 2059 2023 2112 sce-

556 2176 669 2248 ·letnm
696 2185 761 2266 est,
789 2177 844 2244 oui
870 2175 904 2246 in
932 2172 1034 2246 dorso
1060 2175 1167 2270 pedes
1194 2178 1379 2248 accessorii
1407 2173 1472 2246 duo
1500 2174 1659 2264 insident,
1686 2174 1812 2266 mutili,
1838 2197 1912 2247 cum
1939 2197 2023 2247 sca-

563 2312 642 2409 pula
659 2311 803 2385 normali
820 2309 1046 2383 cohaerentes
1060 2312 1115 2405 (1³)
1169 2310 1277 2385 Simul
1295 2308 1416 2382 adsunt
1431 2310 1610 2384 columnae
1625 2314 1843 2385 accessoriae
1862 2315 2022 2405 vestigia.
2113 2295 2117 2308 ’

562 2447 720 2522 Alterum
747 2445 912 2518 sceletum
940 2448 1017 2519 cais
1043 2447 1268 2521 adultae‘est.
1321 2445 1434 2518 Pedes
1460 2452 1709 2543 supervacanei
1737 2452 1771 2520 iu
1798 2449 1864 2520 hoc
1890 2469 2023 2542 quoque

566 2607 647 2656 casu
672 2581 864 2678 imperfecti
887 2581 923 2653 iu
949 2580 1052 2657 dorso
1080 2595 1114 2656 et
1140 2584 1261 2658 dextro
1281 2584 1392 2657 latere
1412 2582 1651 2676 observantur,
1683 2605 1866 2678 eorumque
1893 2605 2023 2678 scapu-

563 2721 620 2792 lae
649 2729 684 2792 et
704 2722 792 2790 inter
816 2737 856 2790 se
883 2727 920 2788 et
946 2739 1022 2792 cum
1048 2722 1187 2817 scapula
1213 2721 1311 2818 pedis
1337 2718 1505 2812 regularis
1522 2720 1633 2793 dextri
1651 2730 1835 2792 concretae
1851 2727 2024 2816 apparent.

564 2855 666 2928 Juxta
703 2852 814 2925 dextri
845 2850 962 2926 leteris
993 2867 1106 2928 costas
1138 2857 1287 2930 thoracis
1320 2855 1460 2928 alterius
1493 2857 1617 2928 rudere
1649 2858 1931 2952 inconspectum
1956 2879 2025 2931 ve-

564 2989 672 3077 niunt,
700 3007 786 3079 quoe
814 3011 860 3060 ex
885 2991 991 3061 costis
1015 2991 1183 3064 nonnullis
1209 2991 1364 3064 tenuibus
1392 2999 1559 3083 constant,
1586 2989 1629 3063 ad
1643 2992 1830 3065 normalem
1853 3002 2024 3068 costarum
2101 2986 2111 3004 '

565 3145 741 3196 numerum
769 3125 1023 3224 accedentibus.

669 3293 707 3365 ln
750 3292 816 3365 hoc
848 3293 964 3368 ultimo
993 3319 1074 3369 casu
1101 3297 1226 3393 duplex
1255 3307 1308 3370 ost
1334 3319 1457 3384 causa,
1491 3319 1552 3368 cur
1577 3298 1650 3387 ejus
1676 3296 1882 3367 mentionem
1909 3296 2023 3367 iacia-

565 3452 651 3503 mus.
706 3429 849 3527 Spectat
870 3431 1025 3504 nimirum
1053 3433 1095 3506 ad
1122 3457 1248 3507 novum
1276 3433 1468 3506 animalium
1495 3453 1618 3527 genus,
1644 3430 1778 3502 scilicet
1804 3451 1921 3520 ovem,
1948 3449 2026 3500 cum

563 3566 686 3662 reliqui
711 3570 746 3639 iu
773 3569 905 3641 taurino
934 3588 1063 3662 genere
1095 3570 1269 3643 observati
1296 3573 1382 3658 siut3
1407 3575 1654 3665 praetereaque
1679 3566 1842 3640 sceletum
1868 3573 1921 3638 est
1947 3565 2022 3638 ovis

561 3703 634 3800 jam
661 3704 806 3777 adultae.

1151 3939 1456 3957 -w

669 4197 708 4268 Si
743 4221 833 4271 nuuc
869 4202 1066 4294 inquirimus
1089 4203 1125 4272 iu
1152 4200 1320 4292 originem
1347 4205 1382 4270 et
1407 4196 1638 4272 evolutionem
1663 4209 1888 4272 monstrorum
1916 4206 2025 4272 noto-

565 4327 732 4402 melorum
757 4355 905 4405 necesso
933 4343 997 4424 est,
1024 4345 1060 4410 ut
1085 4337 1251 4409 lectorem
1277 4356 1485 4409 revocemus
1510 4335 1552 4408 ad
1579 4361 1633 4430 ea,
1658 4361 1745 4433 quae
1770 4337 1872 4412 modo
1898 4337 1940 4410 de
1957 4361 2027 4432 ga-

549 4466 736 4542 stromelis
763 4471 974 4562 protulimus.
1026 4473 1113 4547 Nam
1140 4474 1342 4572 duplicitatis
1369 4477 1538 4568 vestigia,
1571 4497 1658 4570 quae
1681 4476 1715 4546 iu
1743 4476 1841 4570 spina
1864 4473 1959 4547 dorsi
1991 4481 2027 4546 et

565 4605 670 4676 costis
696 4606 737 4691 ‚iu
773 4602 925 4700 plurimis
958 4608 1024 4679 hoc
1057 4631 1166 4700 genus
1190 4615 1348 4686 monstris
1383 4620 1584 4703 occurrunt,
1621 4613 1810 4683 certissime
1843 4609 2023 4706 duplicium

565 4740 754 4832 germinum
782 4741 880 4831 signa
908 4747 994 4809 sunt.
1046 4741 1177 4813 'l'ameu
1204 4753 1354 4818 monstra
1381 4747 1415 4818 iu
1441 4748 1569 4816 muscis
1596 4748 1794 4819 anatomicis
1812 4751 2026 4843 reperiuntur

566 4895 642 4945 cum
675 4854 818 4970 pedibus
851 4873 1037 4972 duplicibus
1063 4876 1098 4948 in
1125 4873 1249 4970 dorso,
1285 4903 1372 4974 quae
1410 4881 1539 4975 spinam
1568 4877 1660 4954 dorsi
1686 4879 1875 4976 simplicem
1903 4889 2027 4956 osten-

564 5009 646 5082 dunt
679 5019 714 5083 et
746 5010 833 5084 haec
857 5009 1023 5108 majorem
1049 5011 1193 5104 originis
1222 5013 1416 5090 declarandi
1451 5014 1680 5091 difficultatem
1706 5018 1831 5092 offerre
1859 5018 2027 5095 videatur.
