4716 5846
1078 717 1130 806 31

375 921 528 988 slaiatram
550 923 661 1004 pelvim
685 933 716 990 et
736 925 887 1006 inuicem
908 926 1015 1005 μᾶσαι
1036 927 1254 1007 permanead
1276 947 1325 992 me
1343 931 1607 1008 consuranorum,
1632 950 1758 1014 quorum
1771 937 1827 1002 de·

374 1023 567 1104 scriptionem
596 1027 762 1108 subjiciam.
806 1029 847 1090 Os
866 1028 1083 1093 innominatum
1106 1029 1294 1110 dextrumll)
1326 1032 1403 1096 bene
1424 1033 1534 1096 iactum
1554 1036 1617 1108 dici
1634 1049 1747 1118 posset,
1769 1041 1829 1106 nisi

374 1127 508 1188 emedio
531 1137 561 1190 et
583 1129 724 1192 inleriore
743 1131 808 1210 ejus
831 1140 923 1209 parte,
943 1141 972 1191 et
993 1131 1113 1211 quidem
1136 1134 1191 1196 sub
1212 1134 1366 1198 acetabulo
1387 1145 1417 1198 et
1437 1137 1524 1216 paulo
1544 1149 1611 1218 post
1632 1139 1698 1216 boc,
1721 1162 1830 1224 super·

374 1233 491 1294 racanei
516 1231 669 1312 cujusdam
692 1233 771 1295 ossis
794 1231 968 1295 innominati
992 1251 1061 1314 pars
1082 1237 1236 1314 posterior
1257 1245 1393 1309 exstaret,
1418 1237 1496 1320 quod
1521 1249 1623 1320 aperte
1644 1243 1730 1307 tuber
1748 1247 1829 1310 ossis

370 1333 471 1404 isclrii.
493 1335 625 1400 lemmeu
645 1337 728 1398 orale
747 1355 870 1418 parrum
892 1347 923 1400 et
941 1339 1127 1402 acetabulum
1150 1339 1296 1420 quoddam
1319 1341 1453 1406 deforme
1483 1345 1624 1408 continet
1664 1347 1732 1412 Hoc
1759 1367 1831 1412 saue

370 1457 474 1505 cavum
506 1457 565 1500 nou
588 1448 650 1512 est,
680 1440 735 1502 sed
756 1439 855 1520 potius
875 1441 1050 1520 superficies
1081 1441 1225 1524 quaedam
1253 1439 1420 1506 articularis
1447 1445 1519 1508 satis
1549 1466 1653 1527 magna
1676 1457 1705 1510 et
1726 1449 1829 1526 laeuis,

371 1561 446 1624 quae
475 1542 531 1604 sub
553 1542 705 1606 acetabulo
729 1553 758 1606 et
779 1543 941 1623 paullulum
970 1553 1052 1607 retro
1074 1545 1215 1608 collocata
1252 1554 1316 1620 est;
1343 1564 1436 1624 prope
1461 1567 1525 1610 eam
1550 1549 1758 1630 corpusculum
1779 1574 1828 1616 os·
1924 1531 1929 1544 ⁸

369 1661 455 1706 ecum
479 1643 584 1705 haeret
607 1642 730 1706 tendine
752 1665 942 1726 suspensum,
967 1646 1064 1728 quod,
1088 1648 1147 1709 nisi
1169 1645 1271 1720 lallor,
1295 1649 1481 1711 membranae
1500 1653 1645 1730 capsulari
1668 1654 1754 1733 perlis
1775 1675 1828 1718 sn·

368 1747 475 1826 perllui
496 1746 661 1827 adjacebat.
705 1751 779 1812 Cum
801 1771 869 1813 osse
892 1752 943 1814 illo
964 1753 1148 1814 innominato
1170 1751 1363 1831 semiduplici
1376 1753 1434 1815 duo
1452 1755 1543 1833 pedes
1562 1757 1712 1834 conjuncti
1734 1769 1828 1832 erant,

369 1851 420 1934 qui
443 1859 501 1912 mm
523 1870 627 1932 parum
650 1853 768 1928 distant,
792 1867 824 1918 ut
845 1857 971 1918 maxima
993 1866 1133 1936 exparte
1156 1855 1338 1928 coaluerint3
1361 1856 1466 1918 horum
1484 1858 1522 1931 is,
1541 1859 1590 1940 qui
1603 1870 1722 1938 praeter
1736 1881 1827 1941 regu-

370 1953 428 2016 lam
451 1957 578 2017 accessit
600 1965 629 2018 et
650 1959 798 2036 posterior
818 1959 1003 2041 interiorque
1026 1967 1082 2032 est,
1105 1959 1227 2022 alterius
1250 1959 1452 2038 magnitudine
1477 1969 1507 2021 ct
1530 1959 1715 2040 longitudine
1739 1961 1828 2044 longe

367 2070 542 2140 superatur;
565 2080 618 2142 pes
641 2071 737 2124 antem
760 2063 911 2144 legitimus
932 2073 1049 2144 practer
1069 2061 1209 2124 coalitum
1233 2061 1307 2122 nibil
1332 2061 1397 2122 uitii
1421 2062 1551 2140 praebet.
1597 2065 1694 2138 Quum
1718 2084 1826 2146 super-

365 2162 418 2226 ilni
435 2163 522 2242 pedis
538 2163 721 2228 acetabulum
742 2183 802 2227 non
825 2176 1004 2239 excavatum,
1028 2165 1082 2228 sed
1102 2165 1221 2247 planum
1245 2165 1293 2238 sit,
1317 2163 1404 2224 etiam
1426 2163 1593 2244 injunctum
1610 2165 1689 2228 ossis
1704 2167 1826 2230 lemoris

366 2277 454 2348 capnt
483 2267 698 2350 complanatum
727 2279 790 2346 est;
817 2281 971 2352 praeterea
998 2277 1094 2334 autem
1117 2279 1175 2330 mm
1199 2285 1292 2346 prope
1315 2287 1330 2327 a
1353 2267 1480 2329 normali
1502 2267 1602 2341 abest,
1633 2278 1665 2331 ut
1685 2271 1827 2350 superior

366 2375 432 2452 ejus
460 2390 530 2452 pars
561 2391 627 2434 cum
652 2371 732 2436 illius
754 2372 942 2434 troclrantere
965 2371 1081 2433 minore
1111 2389 1166 2450 per
1188 2370 1358 2448 ligamenta,
1380 2370 1437 2431 ima
1459 2378 1558 2432 autem
1580 2389 1647 2434 cum
1670 2373 1734 2452 ejus
1752 2391 1826 2435 con·

366 2471 434 2554 dglo
464 2472 582 2534 interno
610 2491 665 2552 per
693 2473 889 2536 substantiam
917 2491 1033 2534 osseam
1065 2473 1261 2534 concreverit.
1305 2471 1433 2534 Patellae
1461 2491 1522 2533 non
1545 2483 1615 2534 sunt
1641 2451 1826 2551 asservatie3

365 2575 417 2638 sed
441 2593 497 2636 uua
519 2583 633 2637 mutum
662 2575 790 2648 videtur,
814 2573 982 2646 exstitisse,
1007 2593 1098 2655 quum
1120 2593 1154 2636 os
1177 2573 1300 2635 lemoris
1324 2575 1507 2653 supcrlluum
1530 2574 1640 2638 nullam
1661 2577 1823 2640 trochleam

363 2677 485 2750 babeat,
512 2693 587 2757 quae
616 2677 652 2738 ad
682 2676 819 2755 patellam
846 2677 1004 2756 pertineat.
1047 2675 1128 2740 nura
1157 2673 1247 2738 tibiae
1273 2693 1368 2754 paene
1401 2693 1455 2755 per
1484 2685 1574 2740 totam
1604 2678 1822 2758 longitudinem

364 2782 514 2853 coaluere,
537 2779 591 2844 sed
612 2779 688 2842 inlra
712 2779 847 2858 duplices
869 2777 979 2840 babent
1000 2777 1174 2858 superficies
1197 2775 1381 2848 articulares,
1404 2778 1515 2858 quibus
1540 2779 1598 2839 duo
1620 2781 1712 2858 pedes
1735 2801 1823 2862 sepa-

364 2884 421 2948 rati
443 2884 549 2946 adnexi
571 2891 652 2946 sunt.
695 2882 778 2946 Alter
799 2901 912 2957 eorum,
935 2883 986 2964 qui
1002 2891 1048 2946 est
1069 2881 1263 2945 extremitatis
1286 2881 1447 2959 legitimae,
1470 2889 1551 2944 recte
1572 2903 1605 2945 se
1625 2883 1729 2956 habet;
1749 2885 1823 2948 alter

361 2995 460 3052 autem
481 3003 541 3048 uon
558 2987 654 3048 solum
676 2986 785 3065 digitos
802 3003 874 3048 suos
895 2985 1062 3058 normales,
1085 2993 1194 3048 terram
1223 2983 1418 3064 attingentes,
1447 2984 1503 3046 sed
1532 2993 1686 3066 praeterea
1715 3005 1821 3068 super·

363 3091 565 3156 numerarium
589 3091 736 3173 quendam
758 3089 863 3164 habet;
882 3109 959 3172 quae
980 3107 1031 3152 res
1053 3107 1089 3151 eo
1107 3089 1203 3168 magis
1224 3087 1371 3149 mirabilis
1391 3096 1446 3160 est,
1471 3089 1550 3168 quod
1572 3098 1632 3151 tota
1653 3092 1824 3155 exnemitas

360 3213 580 3276 supervacanea
599 3193 782 3274 imperfecta,
801 3193 882 3274 justo
904 3193 1034 3256 debilior
1056 3201 1086 3256 et
1106 3211 1124 3254 a
1143 3193 1256 3272 majore
1276 3190 1360 3272 quasi
1384 3207 1556 3270 compressa
1577 3192 1704 3256 ridetur.

463 3367 617 3462 Itemque
643 3367 704 3440 W.
729 3363 891 3438 Vrolilx
915 3364 1012 3442 vituli
1039 3387 1155 3438 cesum
1182 3363 1357 3456 describit,
1384 3364 1441 3458 qui
1467 3362 1533 3437 huc
1558 3367 1706 3461 pertinet
1717 3361 1765 3462 *).

403 3651 432 3733 ‘)
457 3655 484 3712 l.
507 3673 530 3714 c
554 3672 615 3730 pag.
638 3653 687 3710 39.
710 3652 762 3710 40.
806 3651 986 3725 Bepaeldelijlx
1005 3653 1028 3709 is
1052 3649 1128 3708 aulis
1149 3651 1195 3709 het
1216 3648 1302 3726 genai,
1325 3666 1377 3706 roo
1399 3650 1433 3708 de
1453 3649 1651 3724 verdubbeling
1674 3651 1822 3712 rieberer

445 3759 480 3816 de
501 3757 613 3834 geheele
636 3755 858 3830 nitgestrelrtbeid
878 3755 927 3812 der
948 3755 1109 3812 extremiteit
1129 3769 1163 3812 en
1186 3763 1225 3810 tot
1247 3753 1273 3809 in
1295 3753 1341 3809 bet
1361 3751 1505 3826 beupbeeu
1527 3751 1665 3820 uitbreidt,
1688 3753 1770 3828 gelijlr
1783 3755 1821 3814 dit

443 3863 471 3920 iu
493 3879 543 3920 eeu
566 3859 624 3918 latr
641 3859 780 3936 gescbiedt
802 3858 842 3916 ult
854 3857 888 3916 de
901 3857 1171 3930 resartaenijachool
1190 3866 1218 3914 te
1240 3855 1398 3914 Utreobt.
1443 3855 1471 3912 la
1493 3854 1648 3913 hetaelveis
1664 3856 1710 3913 bet
1730 3867 1822 3931 regter

443 3965 586 4040 heupbeen
612 3961 795 4031 verdubbold,
825 3961 974 4038 aocdauig,
1005 3963 1052 4020 dat
1078 3979 1109 4020 er
1138 3979 1187 4018 aen
1215 3961 1249 4020 de
1264 3959 1404 4032 voorzijde
1427 3977 1479 4016 van
1499 3957 1621 4016 hetzelve
1644 3975 1694 4017 een
1713 3961 1818 4020 tweede

441 4069 584 4144 beupbeen
606 4067 646 4126 als
669 4065 843 4140 aaugeroegd
865 4066 897 4134 is,
918 4063 1037 4124 hetuullr
1060 4080 1111 4123 rau
1130 4063 1221 4122 boreo
1239 4079 1324 4122 cenea
1345 4061 1444 4136 scherp
1471 4077 1537 4118 naar
1559 4059 1651 4117 buitea
1668 4061 1820 4122 uitstaaude

442 4171 503 4228 lam
525 4179 630 4240 vormt,
661 4187 695 4228 an
723 4185 775 4225 ran
805 4167 925 4224 ordered
949 4167 1077 4226 tusscbeu
1100 4167 1160 4225 riola
1182 4186 1216 4227 eu
1238 4167 1284 4226 het
1314 4183 1429 4242 gerrone
1451 4161 1594 4238 beupbeen
1617 4181 1683 4222 eene
1701 4166 1820 4240 opening

442 4273 577 4342 overlaat,
602 4273 691 4334 welle
719 4291 782 4334 meu
810 4273 850 4332 als
872 4289 940 4332 seue
961 4272 1081 4332 aitbeens
1110 4272 1257 4346 iusuijtling
1287 4271 1339 4328 lan
1362 4261 1558 4332 bescbbuwea.
1602 4265 1655 4326 llet
1676 4267 1715 4324 dit
1737 4265 1814 4324 aldus

441 4374 609 4434 verdubbeld
639 4375 782 4451 heupbeeu
810 4376 923 4452 geledeo
953 4377 1013 4434 rich
1042 4385 1114 4434 tuoe
1141 4376 1353 4450 achterpooten,
1382 4388 1432 4430 van
1460 4351 1613 4429 welie'de
1633 4379 1744 4428 noomte
1767 4387 1819 4429 eeu

441 4498 531 4538 zwaar
555 4479 664 4554 dijbeen
690 4479 779 4550 beelt,
808 4477 926 4538 betwellr
953 4479 1013 4536 zicb
1041 4487 1096 4538 met
1118 4495 1185 4538 eene
1205 4477 1341 4552 beuplrom
1362 4473 1505 4544 verbindt,
1530 4473 1660 4548 gencrmd
1692 4473 1763 4530 odor
1784 4473 1818 4532 de
1895 4527 1901 4536 .

441 4581 529 4640 lleins
549 4583 785 4658 heupbeeuderoo.
830 4581 883 4641 liet
899 4581 938 4640 dit
954 4579 1079 4656 dijebeeo
1099 4581 1123 4640 is
1144 4599 1195 4641 eeu
1214 4580 1342 4640 acbeulrcl
1358 4597 1393 4639 eo
1409 4578 1554 4638 dearmede
1568 4577 1663 4635 weder
1674 4593 1725 4636 eeu
1737 4593 1815 4634 noor-

442 4691 503 4741 aoet
525 4693 579 4743 met
593 4685 768 4762 aingerleden
790 4683 957 4756 verbunden,
974 4683 1062 4744 welle
1083 4685 1136 4744 dea
1149 4684 1237 4760 gruum
1252 4686 1308 4746 niet
1327 4683 1419 4754 ntea,
1440 4699 1518 4741 maor
1534 4699 1601 4740 naar
1619 4682 1746 4740 acbtereu
1762 4680 1816 4750 aiio

442 4785 620 4861 omgebogou.
671 4789 708 4846 lte
734 4789 841 4847 tweede
871 4789 904 4846 ol
926 4789 1060 4848 aehterste
1080 4789 1241 4864 acbterpcct
1262 4787 1284 4846 is
1306 4796 1361 4847 met
1382 4785 1417 4846 do
1440 4793 1550 4847 scente
1577 4781 1816 4859 laeeogesmolteu,

441 4903 475 4947 en
498 4886 601 4948 beatam
613 4891 653 4948 uit
673 4909 758 4952 eenen
774 4901 891 4968 grooten
911 4891 1036 4966 dmaijau
1057 4891 1145 4954 wana
1163 4894 1223 4952 aicb
1243 4902 1299 4952 met
1319 4893 1380 4951 dieo
1403 4907 1454 4950 rau
1475 4890 1510 4950 de
1530 4897 1641 4948 roorste
1657 4887 1816 4960 subterpoot
