4716 5846
1115 727 1141 812 q

383 941 418 1014 in
445 939 626 1014 discrimen
651 962 719 1015 non
746 949 906 1028 uocatum
931 939 1047 1013 itidem
1074 937 1322 1024 inanimalibus
1338 957 1471 1034 quoque
1488 961 1575 1033 quae
1599 937 1846 1013 uotomelorum

384 1085 419 1148 et
452 1073 713 1172 pygomelorum
747 1075 889 1170 liguram
910 1073 1097 1173 praebent,
1129 1073 1342 1148 observatur.
1395 1071 1540 1146 Casuum
1571 1074 1846 1173 discrepantiam,

383 1209 473 1306 quod
497 1210 539 1282 ad
567 1209 747 1304 digitorum
772 1233 961 1303 numerum,
987 1213 1147 1303 unguium
1174 1219 1208 1281 et
1234 1209 1450 1285 membranae
1468 1214 1655 1284 natatoriae
1676 1210 1847 1286 delectum

383 1344 532 1436 adtinet,
559 1349 739 1418 maximam
766 1355 897 1441 partem
923 1347 1098 1442 explicare
1123 1344 1241 1418 licebit
1267 1368 1313 1418 ex
1339 1345 1656 1438 observationibus,
1688 1371 1775 1443 quae
1801 1353 1847 1426 Α.

387 1481 428 1554 G.
447 1482 549 1564 Otto
565 1481 600 1575 *)
627 1483 662 1552 in
689 1479 809 1553 avibus
829 1484 981 1570 instituit,
1010 1503 1149 1576 quarum
1163 1481 1270 1577 pedes
1298 1485 1484 1554 accessorii
1500 1491 1611 1555 aetate
1626 1490 1847 1580 provectiore

384 1637 582 1712 gangraena
608 1620 701 1690 sicca
726 1621 887 1714 correpti,
914 1617 1125 1691 membratim
1153 1617 1278 1709 dejecti
1304 1628 1392 1692 suut.
1443 1617 1634 1693 blemoratu
1660 1620 1761 1714 digna
1788 1641 1848 1698 res

385 1761 439 1824 est
459 1755 493 1824 in
519 1763 620 1826 anate
646 1751 904 1846 Parisiensi**)
929 1757 1057 1852 pariter
1088 1763 1188 1849 atque
1225 1758 1259 1826 in
1290 1754 1506 1828 Berolinensi
1540 1759 1644 1828 cranii
1677 1756 1846 1832 fornicem

384 1909 429 1960 eo
456 1889 536 1963 loco
561 1867 716 1961 lacunam
744 1887 951 1980 exhibuisse,
973 1911 1039 1984 quo
1065 1912 1128 1984 pes
1155 1913 1230 1962 eam
1258 1891 1374 1960 cranio
1404 1889 1576 1977 cohaesit3
1602 1913 1678 1963 nam
1707 1894 1771 1966 bac
1788 1895 1805 1967 l
1823 1936 1847 1949 -

383 2020 478 2094 brice
513 2023 671 2098 morbosa
707 2027 864 2118 congruit
890 2024 1067 2098 voluerum
1095 2025 1339 2122 descriptarum
1368 2023 1565 2097 deformitas
1595 2049 1669 2098 curu
1695 2050 1847 2124 praepa-

384 2166 460 2230 rato
488 2161 566 2232 ovis
592 2183 612 2232 e
639 2183 759 2234 museo
786 2159 1060 2234 Vratislaviensi.

489 2313 632 2400 Quintus
667 2315 970 2413 cephalomeli
1004 2336 1104 2385 casus
1135 2313 1177 2384 ab
1198 2312 1366 2385 ‘ottone
1403 2311 1593 2405 divulgatus
1630 2317 1663 2386 ln
1690 2315 1848 2411 splendi-

386 2444 527 2523 dissimo
563 2449 636 2544 ejus
675 2473 781 2547 opere
814 2453 988 2522 invenitur
1018 2472 1098 2544 pag.
1126 2448 1199 2520 249
1224 2447 1287 2521 sub
1319 2472 1410 2521 num.
1442 2445 1537 2538 403,
1573 2449 1630 2522 ubi
1663 2461 1846 2526 monstrum

385 2591 524 2664 ovinum
539 2607 820 2682 supervacaneae
837 2586 1061 2656 extremitatis
1070 2586 1251 2676 vestigium
1269 2593 1303 2655 et
1317 2583 1695 2680 hydrencepbalocelen
1710 2589 1743 2658 iu
1759 2611 1848 2661 ver·
1912 2567 1918 2580 ’

385 2736 454 2806 tice
478 2721 609 2795 babens
636 2719 790 2796 iconibus
820 2719 850 2791 1.
867 2723 901 2795 2.
918 2719 953 2792 3.
978 2719 1061 2792 Tab.
1079 2719 1208 2795 XXIX.
1236 2729 1271 2794 et
1299 2718 1528 2816 descriptione
1554 2719 1751 2794 illustratum
1785 2736 1847 2800 est.

487 2900 569 2976 lgna
593 2903 639 2956 cst
660 2911 767 2956 recens
789 2901 906 2954 natael
928 2899 1058 2966 matura,
1081 2909 1156 2972 quae
1178 2891 1252 2952 duas
1270 2891 1359 2953 bores
1379 2891 1459 2952 uixit.
1503 2891 1626 2954 Praeter
1647 2901 1734 2971 caput
1757 2914 1846 2974 quum

386 3003 467 3068 nulla
488 3001 553 3080 ejus
579 3015 649 3076 para
673 2995 745 3058 uitio
768 2994 897 3068 laboret,
930 3013 1030 3076 neque
1056 2995 1171 3056 uiscera
1192 3003 1242 3055 aut
1271 2993 1401 3073 pectoris
1424 3004 1475 3054 aut
1496 2995 1663 3056 abdominis
1688 2997 1846 3077 quiequam

385 3097 1847 3180 mmmmmmmemmmffwmmmmwmmtmmmm

385 3209 500 3292 ingenti
520 3216 652 3274 tumore,
683 3204 734 3284 qui
762 3211 926 3266 retrorsum
950 3208 1080 3282 spectat,
1113 3201 1288 3279 sphaericus
1311 3208 1341 3260 et
1362 3219 1437 3280 aqua
1459 3191 1596 3262 adtentus
1617 3209 1663 3262 est
1685 3203 1848 3284 verticique

385 3314 515 3384 insidet,
539 3325 718 3386 magnopere
748 3306 937 3386 depravatum
960 3317 1015 3366 est.
1069 3303 1176 3366 blirum
1198 3312 1296 3364 autem
1319 3303 1451 3374 videtur,
1482 3303 1559 3383 quod
1583 3304 1615 3364 in
1637 3303 1694 3366 boc
1716 3305 1782 3384 ipso
1801 3316 1848 3368 tu-

387 3435 490 3488 more,
511 3430 599 3494 quem
622 3429 677 3490 pro
699 3407 1002 3489 hydreneepbalocele
1023 3407 1157 3480 habeam,
1181 3425 1215 3468 os
1236 3405 1383 3486 quoddam
1402 3407 1514 3468 mobile
1535 3407 1637 3484 digitis
1661 3412 1792 3487 tangenti
1815 3433 1847 3474 se

387 3515 520 3598 praebet
564 3511 722 3590 Reliquum
744 3519 832 3589 caput
854 3509 928 3572 nibil
949 3508 1141 3572 memorabile
1156 3508 1253 3570 babet.
1298 3509 1514 3587 lntegunrentis
1535 3512 1742 3576 eonrmunibus
1763 3523 1847 3578 caute

386 3617 545 3686 detractis,
575 3625 762 3676 tumorem
783 3611 895 3672 illum
919 3631 936 3672 a
963 3610 1093 3672 tribus
1115 3611 1299 3690 partibus
1329 3624 1512 3676 constare
1535 3627 1670 3692 apparet,
1694 3617 1847 3682 duobus

389 3765 695 3786 .-—-—-—-·

431 3859 463 3936 θ)
489 3859 674 3915 llonstrorum
696 3861 885 3910 sexcentorum
909 3851 1054 3922 descriptio
1077 3853 1235 3908 anatomiua.
1279 3853 1417 3911 Accedunt
1439 3854 1478 3910 ΕΙ.
1503 3855 1633 3929 imagines
1655 3857 1721 3916 XXX
1750 3861 1847 3919 tabulis

472 3963 625 4036 inscriptae.
670 3956 842 4013 Vratislaviae
865 3951 1037 4010 uuuucxtt.
1083 3953 1139 4012 Fol.
1161 3971 1230 4011 max.
1253 3972 1314 4030 pag.
1338 3955 1410 4016 258.
1456 3959 1573 4031 Contigit
1595 3957 1676 4028 mibi,
1696 3969 1726 4017 ut
1747 3961 1847 4036 gallum

473 4065 594 4125 adultum
617 4077 744 4128 emeram3
769 4057 812 4114 cui
834 4073 867 4113 ex
889 4057 1022 4130 uropygio
1046 4056 1100 4114 duo
1123 4057 1208 4130 pedes
1231 4062 1423 4132 supervacanei
1439 4061 1636 4136 dependebant
1680 4063 1764 4132 Quem
1785 4083 1846 4123 eum

471 4165 639 4244 aliquamdiu
661 4163 771 4230 alerem,
793 4159 915 4218 membra
938 4157 991 4227 illa,
1016 4177 1085 4234 quae
1108 4161 1186 4218 initio
1209 4161 1335 4220 larillime
1351 4165 1593 4240 mouerillectique
1614 4176 1747 4240 poterant,
1773 4169 1846 4243 paul·

471 4273 546 4331 latim
575 4268 741 4344 aneytosi
769 4265 870 4322 lirmari
899 4273 926 4322 et
953 4265 1151 4339 atropbtea
1177 4264 1236 4322 lieri
1258 4275 1334 4322 etex
1355 4278 1431 4340 parte
1451 4271 1529 4326 etiam
1552 4269 1729 4328 eulaliari
1750 4273 1846 4330 obser-
1901 4298 1906 4311 ¹

471 4393 534 4433 vare
557 4373 663 4434 licebat
707 4369 784 4430 Corui.
805 4368 868 4424 ibid.
891 4384 951 4424 nro.
973 4365 1047 4424 tls.
1068 4365 1140 4424 cet.
1162 4365 1235 4424 432.
1256 4363 1329 4424 434.

428 4489 472 4568 '⁸)
494 4494 521 4550 L.
543 4512 566 4550 e.
586 4509 646 4566 pag.
663 4489 734 4549 272.
779 4488 815 4546 Le
838 4487 960 4544 membre
982 4487 1134 4545 aeeossoire
1156 4535 1163 4547 .
1187 4531 1194 4544 .
1215 4530 1221 4544 .
1245 4532 1253 4546 .
1274 4489 1337 4546 etati
1362 4491 1489 4564 implenti
1508 4511 1556 4550 sur
1578 4493 1603 4550 la
1625 4493 1697 4568 ligne
1714 4493 1845 4562 mediana,

471 4597 537 4652 dans
564 4597 603 4654 les
627 4595 771 4668 ta'gumeas
798 4593 831 4648 de
861 4591 886 4648 la
915 4591 1001 4666 partie
1028 4592 1188 4664 superieure
1210 4593 1244 4650 de
1265 4592 1400 4668 l'occiput.
1446 4593 1480 4652 Sa
1505 4595 1569 4652 base
1598 4597 1661 4652 etait
1683 4613 1717 4654 en
1740 4606 1845 4654 eontact

472 4715 536 4756 auec
550 4699 576 4756 le
599 4701 688 4766 orlaa,
712 4711 766 4752 uon
791 4695 883 4752 assilit
906 4711 939 4753 eu
954 4712 984 4752 ce
997 4693 1060 4762 lieu,
1082 4696 1150 4752 mais
1166 4695 1315 4753 seulement
1338 4695 1405 4754 dans
1425 4713 1461 4754 run
1485 4698 1632 4772 tris-petit
1654 4715 1764 4772 espace5
1787 4699 1845 4754 vica

471 4800 504 4856 de
527 4800 724 4857 conformation
746 4815 799 4872 que
821 4799 877 4856 l'on
902 4797 1018 4856 observa
1038 4815 1071 4855 au
1097 4808 1168 4856 reate
1190 4803 1489 4858 trba-communement
1506 4801 1571 4859 eber
1593 4811 1655 4857 tous
1670 4798 1709 4856 las
1726 4801 1845 4868 oiseaur,

478 4911 503 4960 et
525 4910 632 4958 aurtout
652 4901 716 4958 cbez
739 4902 778 4962 les
800 4901 895 4974 poulas
918 4905 932 4958 l
957 4905 1009 4960 tlte
1031 4901 1146 4978 buppbe.
