4716 5846
487 893 658 968 Summum
685 902 779 968 certe
804 893 1056 980 admirationem
1083 915 1184 968 coece
1211 901 1372 986 meretur,
1398 895 1501 990 quiin
1524 919 1643 972 musac
1664 900 1834 972 amtomi-

385 1027 646 1130 coputbologicn
661 1037 777 1105 nostro
797 1037 909 1102 exstet
932 1039 1032 1126 utque
1049 1029 1091 1102 ab
1118 1029 1161 1105 J.
1176 1029 1235 1106 Fr.
1259 1029 1485 1106 lleolrelio
1511 1035 1545 1106 iu
1567 1032 1652 1107 libro
1678 1055 1741 1106 suo
1764 1053 1833 1108 uo-

384 1166 515 1239 tissimo
541 1165 584 1238 de
611 1164 803 1262 duplicitate
827 1175 1018 1240 monstrose
1042 1189 1120 1264 pug.
1149 1165 1195 1238 61
1223 1167 1276 1240 his
1294 1165 1409 1242 verbis
1436 1166 1624 1264 descriptus
1650 1172 1832 1246 iuvenitur.

486 1365 581 1447 Hujus
604 1368 722 1446 generis
741 1385 841 1430 casum
863 1367 1044 1446 praeclarum
1067 1366 1098 1428 in
1121 1376 1235 1428 anate
1258 1385 1357 1429 coram
1379 1365 1530 1428 babemus.
1574 1365 1750 1432 Extremitas
1773 1351 1832 1433 tuta

385 1469 506 1532 sinistra
527 1469 661 1548 nonnihil
684 1470 784 1532 dextra
807 1472 921 1533 minor:
943 1470 1079 1533 volumen
1102 1479 1200 1532 tammo
1221 1469 1398 1533 diminutum
1412 1488 1447 1530 ex
1463 1475 1548 1532 aucto
1561 1469 1689 1548 partium
1709 1488 1834 1536 numero

384 1571 501 1654 pendet.
545 1571 661 1636 nonunt
680 1573 759 1635 euim
782 1573 847 1634 loco
869 1573 968 1646 unius,
993 1579 1052 1634 tres
1076 1572 1106 1634 in
1129 1591 1163 1632 eu
1184 1571 1286 1652 pedes.
1329 1572 1442 1634 llornm
1465 1571 1620 1641 maximus,
1643 1576 1768 1636 normali
1789 1577 1832 1638 si·

386 1676 539 1748 inibimus,
563 1683 660 1739 buten
685 1677 803 1752 dextro,
834 1676 956 1738 omnino
976 1675 1014 1736 ad
1039 1693 1172 1738 normam
1194 1695 1227 1737 se
1249 1674 1392 1748 habente,
1424 1675 1547 1736 dimidio
1570 1675 1719 1740 minoret
1741 1678 1832 1758 digito

384 1779 501 1860 postico
522 1797 637 1841 carens.
689 1780 811 1842 Praeter
839 1777 916 1840 bunc
939 1785 1038 1839 antem
1060 1777 1168 1856 pedem
1192 1777 1250 1838 duo
1271 1777 1393 1850 adsunt,
1418 1795 1453 1838 ex
1471 1775 1576 1839 eodem
1599 1798 1634 1840 nc
1653 1779 1703 1864 ille
1723 1789 1833 1859 puncto

384 1880 540 1954 abeuntes,
564 1899 683 1942 sursum
706 1880 742 1941 ad
765 1878 1008 1960 perpendiculum
1026 1877 1142 1950 directi,
1165 1877 1252 1958 lunge
1267 1877 1376 1940 iterum
1397 1877 1529 1942 minores
1542 1890 1571 1942 et
1588 1881 1832 1960 imperfectiores,

253 2049 255 2054 ,
386 1985 416 2048 in
440 1992 501 2046 toto
524 1985 586 2046 lere
608 1991 702 2046 tractu
724 1989 791 2046 cute
810 1965 917 2062 juncti,
945 1999 1070 2062 quorum
1093 1981 1168 2042 alter
1187 1979 1329 2054 interior,
1352 1979 1427 2042 alter
1448 1983 1594 2064 exterior,
1619 1983 1669 2044 ille
1693 1984 1832 2066 quinque,

383 2090 433 2154 hic
454 2089 569 2152 duobus
593 2087 751 2150 instruitur
773 2085 885 2166 digitis.
908 2119 950 2130 -
993 2084 1094 2148 Ablata
1117 2091 1185 2146 cute
1206 2092 1329 2164 apparet
1350 2083 1445 2145 lemur
1467 2083 1554 2164 hujus
1574 2096 1759 2150 monstrosae
1782 2107 1833 2150 ex-

385 2193 544 2256 tremitatis
568 2192 687 2254 omniuo
709 2189 850 2269 simplex,
880 2189 984 2250 dextro
1005 2186 1103 2268 paullo
1123 2187 1238 2258 minus,
1260 2205 1329 2248 crus
1350 2206 1418 2248 ossa
1442 2188 1601 2251 continens
1623 2190 1691 2264 duo,
1717 2191 1833 2271 magni·

384 2295 488 2356 tudine
510 2294 659 2375 aequalia,
690 2292 821 2354 anterius
842 2299 872 2352 et
890 2290 1056 2369 posterius,
1078 2274 1360 2361 tibias'relerenten
1384 2289 1414 2350 iu
1437 2290 1562 2352 maxima
1586 2291 1730 2354 decursus
1748 2303 1832 2372 parte

385 2397 506 2461 omnino
529 2403 678 2475 separata,
706 2393 825 2456 nonnisi
857 2401 988 2454 extremo
1016 2390 1171 2471 superiore
1193 2399 1224 2452 et
1244 2391 1387 2454 inferiore
1407 2392 1530 2464 coalita,
1563 2414 1689 2475 quorum
1711 2397 1831 2461 nonnisi

382 2503 535 2584 posterius
556 2519 624 2562 cum
647 2500 759 2561 lemcre
780 2495 962 2559 articulatur.
1006 2495 1048 2558 Os
1069 2495 1142 2556 tarsi
1160 2494 1309 2572 posticum
1331 2494 1417 2573 pedis
1442 2495 1558 2559 sinistri
1578 2498 1720 2561 normalis
1742 2517 1832 2578 prae-

385 2607 472 2687 cipue
496 2623 562 2668 cum
584 2603 709 2683 postico,
728 2619 797 2664 osse
819 2598 891 2662 tarsi
911 2599 1024 2678 postica
1046 2597 1171 2658 duorum
1193 2597 1302 2676 pedum
1324 2598 1580 2674 accessoriorum,
1603 2619 1672 2663 cnm
1694 2611 1831 2684 utroque,

313 2730 314 2745 ¹
383 2711 462 2773 iuter
484 2709 551 2770 bina
575 2723 661 2768 crurn
683 2705 788 2784 posite,
811 2703 962 2765 uniuntur.
1006 2701 1064 2762 Pes
1086 2701 1271 2763 accessorius
1286 2701 1423 2763 internus
1437 2701 1555 2776 iterum,
1579 2704 1633 2764 sed
1649 2704 1831 2784 imperfecte,

383 2815 415 2876 in
437 2813 513 2876 duce
536 2809 619 2890 quasi
642 2809 756 2870 divisus
776 2805 903 2877 uidetur,
926 2803 1076 2866 internum
1099 2811 1129 2864 ct
1150 2811 1314 2864 externum.
1358 2801 1442 2864 Ossis
1466 2803 1546 2865 enirn
1568 2804 1640 2868 tarsi
1663 2806 1742 2868 unici
1765 2807 1831 2870 loco

384 2899 442 2982 duo
465 2917 588 2987 adsunt,
614 2913 764 2975 internum
786 2909 876 2990 duplo
899 2907 1004 2988 majus,
1026 2914 1088 2968 tres
1109 2905 1221 2984 digitos
1243 2912 1394 2984 separatos
1416 2903 1572 2984 impositos
1594 2925 1710 2986 gerens,
1734 2919 1832 2972 exter-

386 3039 458 3086 num
481 3018 615 3092 breuius,
642 3013 816 3096 praesertim
840 3014 927 3091 longo
948 3010 1087 3082 tenuius,
1110 3008 1234 3088 digitum
1257 3027 1293 3070 cx
1314 3005 1432 3068 duobus
1454 3008 1662 3082 coullucntem,
1685 3010 1832 3091 phalange

384 3121 580 3200 semiduplice
606 3117 790 3199 posteriore,
819 3115 898 3178 binis
925 3112 1068 3193 separetis
1100 3110 1298 3172 anterioribus
1322 3110 1509 3180 instructum,
1532 3120 1696 3190 gerentem.
1741 3113 1831 3175 Valde

384 3223 588 3294 memorabile,
610 3222 734 3300 digitum
759 3199 876 3282 tertium
899 3217 1012 3279 dimidii
1037 3215 1146 3277 interni
1168 3214 1258 3294 liujus
1281 3213 1367 3293 pedis
1390 3213 1568 3288 accessorii,
1600 3213 1640 3276 ita
1664 3225 1829 3280 extrorsum

383 3328 473 3400 ilenti
495 3335 535 3399 ut,
559 3343 625 3386 cum
642 3322 801 3403 phalanges
816 3322 949 3403 reliquae
960 3319 1082 3382 omniuo
1093 3317 1130 3378 ab
1152 3325 1275 3379 externo
1297 3314 1422 3378 dimidio
1444 3313 1566 3395 distent,
1585 3325 1683 3380 tamen
1704 3319 1831 3400 phalanx

383 3428 585 3508 unguicularis
607 3427 727 3488 omuino
758 3443 825 3486 eum
847 3431 954 3502 tangat.
998 3421 1057 3482 Pes
1078 3420 1264 3482 accessorius
1287 3427 1427 3480 externus
1449 3418 1566 3499 longior
1588 3419 1721 3496 interno,
1743 3440 1831 3502 prae-

384 3534 471 3614 cipue
490 3531 527 3594 ob
548 3530 620 3592 tersi
641 3528 865 3608 longitudinem,
891 3526 968 3606 quod
992 3524 1098 3585 iterum
1122 3521 1204 3598 ualde
1226 3519 1434 3594 memorabile,
1464 3521 1601 3600 quoniam
1632 3542 1666 3584 os
1687 3525 1758 3587 tarsi
1782 3525 1830 3588 bic

386 3636 522 3715 simplex,
546 3633 622 3694 istuc
643 3631 761 3710 duplex.
805 3627 893 3706 lligiti
914 3625 972 3688 duo
992 3625 1041 3687 uix
1062 3625 1123 3686 illis
1147 3623 1308 3701 longiores.
1351 3621 1493 3684 llusculis
1525 3623 1555 3684 hi
1579 3624 1669 3702 pedes
1691 3645 1830 3690 accesso-

383 3739 421 3804 rii
446 3738 633 3812 instruuntur
656 3733 763 3806 nullis,
793 3749 899 3794 cernes
917 3727 1064 3790 normales
1086 3727 1125 3788 ita
1149 3725 1278 3787 solume
1302 3733 1380 3802 statu
1402 3726 1527 3788 normali
1555 3727 1768 3802 deflectuntur,
1798 3738 1831 3792 ut

382 3841 550 3906 anteriores
572 3838 651 3900 cruri
678 3833 835 3908 anteriori,
864 3833 1046 3912 posteriores
1074 3827 1233 3910 posteriori
1263 3827 1473 3902 adnectantur,
1504 3847 1606 3892 omnes
1625 3831 1696 3910 pedi
1718 3841 1829 3896 tautum

380 3944 506 4011 normali
528 3941 643 4006 inserti.

488 4146 585 4236 Quae
611 4140 808 4216 deformitas
834 4161 909 4212 eam
932 4136 976 4212 ob
994 4133 1139 4209 vcorisum
1166 4146 1219 4210 ost
1245 4137 1460 4229 gravissima,
1486 4137 1564 4228 quic
1589 4135 1724 4232 podes
1750 4161 1829 4211 su·

381 4283 653 4379 pervocanei
680 4279 760 4352 tluo
787 4297 878 4348 cum
903 4272 1262 4372 pede-ordinario
1291 4272 1523 4362 conjuncti
1549 4280 1667 4364 eunt,
1690 4273 1829 4352 dionius

384 4421 481 4516 pedis
514 4419 605 4493 beno
639 4412 841 4488 mutorman
870 4414 980 4486 socio.
1038 4409 1222 4482 Praetores
1257 4405 1459 4481 observetur
1491 4409 1527 4480 in
1551 4407 1619 4480 luce
1642 4429 1724 4482 cusu
1748 4433 1829 4508 po-

383 4549 479 4624 dem
513 4549 785 4648 superiluum
820 4549 1053 4634 internum,
1091 4540 1260 4615 duobus
1290 4543 1400 4614 terei
1429 4542 1610 4617 ossibus
1640 4535 1828 4641 praedi-

380 4697 493 4773 tum,
518 4689 703 4781 quinque
734 4681 951 4777 unguibus
985 4690 1020 4754 et
1052 4689 1184 4754 nucto
1211 4681 1454 4776 digitorum
1479 4703 1652 4756 numero
1680 4681 1824 4776 dupli-

379 4826 579 4899 cationis
603 4827 767 4917 signum
800 4843 976 4920 praese
1002 4819 1136 4894 lerre.

1582 4931 1624 4996 5.
