4716 5846
381 958 455 1030 ¹culi
483 959 623 1026 berria
652 957 899 1036 umbilicalis
916 961 989 1025 satis
1009 979 1117 1042 magna
1133 961 1229 1029 adast.
1274 961 1348 1025 beto
1368 961 1567 1034 extremitates
1588 963 1712 1040 omnino
1732 963 1851 1045 regula-

393 1081 454 1130 res.
492 1062 601 1153 camo
622 1063 766 1128 normalis
790 1073 908 1143 praeter
924 1064 1164 1136 mandibularum
1180 1081 1367 1142 compagcma
1391 1062 1599 1146 utriusque
1620 1065 1700 1131 enim
1723 1066 1852 1135 leatus

378 1164 621 1234 amandibula
650 1167 689 1232 io
720 1167 827 1234 linco
857 1166 983 1235 medlo
1003 1167 1105 1237 lissa
1128 1175 1176 1232 est
1196 1174 1227 1228 et
1247 1166 1438 1228 cohaeret
1459 1184 1537 1230 cum
1562 1175 1721 1248 utraque
1743 1170 1851 1234 ossis

393 1275 503 1348 parte
525 1267 688 1346 linguae
704 1268 825 1349 ,etiam
848 1269 968 1332 lisano
986 1288 1078 1348 pars
1100 1268 1291 1338 lateralis,
1323 1267 1487 1348 Utrumque
1502 1280 1589 1348 capot
1604 1269 1692 1332 babet
1712 1272 1875 1336 rictum·

392 1387 629 1436 communem
660 1378 699 1434 et
730 1389 990 1451 permagnum.
1035 1371 1195 1452 Utriusque
1216 1371 1403 1460 mandibulae
1425 1389 1495 1452 pars
1518 1373 1649 1439 lateralis
1668 1393 1734 1440 com
1758 1395 1852 1458 oppo-

391 1475 444 1549 siti
473 1476 552 1540 ossis
580 1483 663 1554 parte
693 1476 770 1540 cutis
791 1477 978 1558 paruumque
996 1476 1131 1543 mollium
1154 1495 1211 1555 ope
1234 1483 1390 1553 conpuncta
1413 1484 1441 1536 et
1464 1475 1494 1538 in
1517 1475 1660 1540 hocloco
1682 1479 1770 1543 simul
1792 1479 1851 1541 lin·

355 1636 362 1650 ,
393 1579 680 1662 grraedextracpars
701 1579 792 1640 altera
814 1599 881 1643 cum
904 1579 1038 1664 opposita
1062 1589 1145 1658 parte
1164 1579 1282 1658 linguae
1304 1578 1444 1642 sinistrae
1468 1579 1600 1652 confluit,
1624 1580 1663 1640 ita
1685 1590 1718 1644 ut
1733 1581 1851 1660 linguae

392 1683 477 1748 radix
497 1683 624 1763 simplex
644 1691 792 1762 appareat,
814 1693 945 1748 attamen
968 1703 1003 1748 er
1022 1683 1154 1747 dimidiis
1177 1684 1301 1746 duarum
1317 1682 1486 1761 linguarum
1501 1682 1541 1743 sit
1553 1683 1725 1762 composita.
1768 1685 1851 1746 Pone

391 1787 508 1852 radices
531 1786 697 1864 linguarum
719 1785 816 1848 aditus
839 1787 876 1848 ad
899 1786 1038 1865 laryogea
1068 1794 1198 1858 exstant,
1228 1786 1361 1864 itemque
1384 1785 1441 1848 sibi
1465 1786 1611 1866 oppositi.
1631 1789 1755 1864 quorum
1776 1786 1852 1850 alter

377 1891 482 1956 altero
505 1888 598 1950 multo
620 1885 773 1966 angustior
796 1896 850 1950 cst.
892 1885 965 1948 Nam
987 1886 1063 1948 alter
1085 1906 1142 1950 una
1160 1887 1313 1950 introitum
1334 1887 1371 1948 ad
1401 1886 1581 1968 pbaryngem
1605 1887 1746 1950 exhibere
1766 1890 1851 1952 ride-

345 1993 347 2001 '
391 2003 457 2062 tur,
481 2009 571 2072 quum
593 1989 688 2050 lorma
713 1999 741 2056 et
759 1993 862 2072 specie
885 2003 1005 2056 esterna
1029 1992 1152 2056 multum
1174 1992 1300 2054 diderat
1346 1991 1412 2054 Alio
1437 1991 1503 2052 loco
1525 1991 1614 2072 hujus
1639 1992 1764 2054 monstri
1789 1992 1851 2054 dis-

392 2094 584 2176 quisitionem
610 2095 823 2167 anatomicam,
855 2113 905 2168 ea,
939 2113 1026 2174 quam
1055 2103 1204 2168 meretur,
1236 2093 1389 2172 diligentia
1420 2093 1548 2156 adbibita
1572 2113 1639 2156 com
1663 2095 1759 2158 doctis
1780 2095 1852 2160 viris

391 2195 630 2274 communicabo,
653 2195 702 2259 hic
717 2195 814 2260 solum
838 2205 940 2259 notare
963 2197 1091 2260 subiciat
1119 2197 1357 2270 monstrabam,
1382 2197 1409 2260 si
1431 2216 1499 2260 cum
1521 2197 1589 2260 aliis
1604 2198 1667 2280 J‘am
1691 2199 1852 2280 descriptis

391 2299 468 2364 velis
502 2298 657 2370 conferre,
680 2298 815 2377 proxime
835 2299 978 2360 accedere
1001 2300 1094 2360 videri
1118 2299 1154 2362 ad
1178 2299 1307 2362 iulantes
1331 2319 1398 2374 eos,
1422 2318 1497 2380 quos
1518 2300 1773 2380 Barkorioa*)
1797 2304 1834 2366 de

390 2403 515 2483 scripsit
547 2411 576 2464 et
609 2401 912 2480 dicorypborum
944 2400 1331 2480 dibypogastriorum
1354 2403 1475 2463 nornine
1505 2405 1694 2484 nuncupavit
1744 2405 1852 2473 Dillert

389 2523 462 2568 vero
485 2505 522 2565 ab
546 2505 604 2577 bis,
629 2523 704 2584 quos
726 2512 825 2565 autem
849 2501 869 2564 Ι.
892 2503 1076 2584 Geolfrop
1101 2505 1150 2567 St.
1173 2506 1324 2568 Hilaire
1344 2507 1573 2588 bemipagos
1593 2509 1716 2582 vocavit,
1740 2509 1850 2571 forma-

391 2610 470 2672 tione
493 2607 610 2687 capitis‚
630 2625 704 2686 quae
728 2607 890 2686 perfectam
914 2607 976 2668 iere
1001 2609 1156 2690 utriusque
1180 2611 1267 2672 faciei
1290 2612 1490 2691 symmetriam
1511 2617 1667 2676 monstrat.
1712 2613 1734 2675 l.
1752 2632 1797 2692 sp.
1821 2632 1849 2674 v.

493 2745 548 2817 lo)
592 2744 688 2824 bgni
713 2744 869 2804 neonati
891 2744 1074 2824 janiceps
1094 2753 1308 2808 monstrum
1332 2748 1571 2823 relerentes,
1591 2747 1697 2811 maturi
1720 2756 1749 2844 et
1771 2766 1850 2810 mae

389 2847 460 2917 culi.
504 2848 596 2913 Adest
617 2845 666 2910 hic
683 2847 870 2928 janicipitum
894 2849 981 2912 solita
1004 2858 1152 2912 structura
1168 2857 1199 2912 et
1218 2849 1313 2931 capita
1336 2859 1461 2916 connata
1481 2850 1518 2912 ab
1539 2851 1594 2912 bac
1611 2869 1670 2917 noo
1694 2849 1848 2920 dilleront,

387 2952 448 3021 uisi
477 2951 594 3028 maxilla
620 2950 777 3030 superiore
801 2953 957 3034 utriusque
984 2954 1071 3018 faciei
1090 2955 1173 3035 justo
1195 2955 1346 3018 breviore.
1391 2955 1523 3018 Alterius
1546 2954 1652 3034 capitis
1674 2950 1847 3016 mandibula

376 3055 420 3120 ‚iu
442 3054 591 3118 anteriore
606 3055 666 3119 line
687 3054 778 3120 simul
800 3074 919 3120 sursum
940 3056 1092 3118 incurvata
1115 3066 1171 3122 cst.
1215 3059 1349 3136 Quatuor
1370 3077 1478 3132 aures,
1511 3065 1576 3118 octo
1599 3056 1693 3135 pedes
1714 3053 1849 3134 legitimi.

376 3157 410 3236 J.
431 3176 476 3237 sp.
498 3178 527 3221 v.

490 3291 547 3368 20)
591 3293 728 3373 Capita
750 3295 915 3356 monstri
937 3294 1170 3375 janioipitis
1193 3294 1329 3374 agnini
1362 3311 1429 3355 curn
1450 3295 1596 3356 vertebris
1620 3294 1687 3356 colli
1711 3294 1849 3374 superio-

383 3399 482 3460 ribus.
525 3397 625 3460 Faciei
648 3398 770 3460 alterius
792 3407 938 3460 structura
959 3399 1083 3460 multum
1103 3397 1255 3476 discrepat
1277 3397 1313 3458 ab
1333 3397 1433 3458 altera.
1478 3395 1583 3458 Facies
1599 3401 1632 3469 b,
1653 3397 1742 3477 paulo
1760 3414 1847 3478 quam

387 3500 600 3562 aiteramelius
618 3501 752 3572 formata,
779 3521 911 3564 nasum
933 3502 1022 3563 babet
1040 3502 1149 3581 justo
1172 3500 1401 3570 breviorem,
1424 3498 1539 3560 unica
1559 3517 1649 3560 nare
1670 3497 1847 3578 praedirum,

386 3601 556 3664 mandibula
578 3603 609 3662 in
634 3602 709 3665 latos
730 3606 887 3667 sinistrum
910 3605 1032 3676 directa,
1056 3605 1191 3685 obliqua,
1215 3605 1313 3684 lingua
1338 3615 1473 3666 exserta:
1503 3602 1632 3664 iacies
1654 3601 1692 3670 ll,
1715 3601 1849 3680 cyclo-

386 3707 489 3787 pica‚
511 3705 586 3766 duos
608 3705 782 3785 conjunctos
805 3707 908 3769 oculos
929 3707 959 3768 in
982 3725 1040 3770 una
1063 3708 1158 3769 orbita
1182 3709 1286 3781 ollert,
1314 3725 1402 3786 supra
1423 3707 1498 3767 banc
1523 3705 1638 3782 longam
1660 3702 1847 3782 appendi-

387 3827 465 3872 cem
485 3816 698 3881 cutaneam‚
721 3809 833 3872 labium
849 3811 1033 3890 superiorein
1055 3811 1216 3875 brevem
1238 3812 1513 3894 proboscidem
1533 3807 1711 3885 cotoneorum.
1757 3805 1847 3869 Oris

375 3921 574 3992 ‘apertura
595 3911 684 3973 nimis
707 3921 880 3990 angusta.
924 3915 1020 3974 bures
1043 3923 1169 3994 quatuor
1192 3914 1352 3976 normales.
1397 3913 1534 3992 bopo.
1650 3952 1652 3960 a

489 4049 546 4131 21)
590 4051 804 4120 bicnstrum
828 4051 988 4114 suillum
1008 4051 1197 4132 janicalis,
1223 4050 1397 4121 masculum,
1422 4057 1566 4108 maturum
1591 4041 1648 4120 (l).
1690 4045 1752 4106 Sub
1776 4065 1848 4108 con·

384 4157 536 4238 junctione
558 4165 730 4217 truncorum
755 4157 904 4236 dependet
927 4156 1149 4218 eroartrntio
1171 4174 1257 4215 sacco
1281 4151 1459 4221 tenerrimo,
1484 4147 1561 4211 collo
1584 4147 1729 4226 praedito,
1752 4147 1848 4210 inclu-

387 4281 428 4322 sa.
473 4261 571 4324 Altera
603 4259 694 4322 iacies
725 4260 824 4322 diiicrt
853 4259 888 4320 ab
917 4260 1027 4330 altera,
1060 4277 1126 4318 nam
1157 4258 1240 4336 prior
1270 4275 1357 4316 aures
1388 4253 1475 4314 habet
1505 4250 1644 4331 pollicem
1670 4249 1848 4330 etamplius

386 4361 548 4438 distantes,
582 4363 722 4426 rictum
755 4371 999 4426 coarctatum
1024 4359 1114 4422 nimis
1137 4369 1259 4440 propter
1281 4359 1452 4440 parvitatem
1478 4357 1555 4432 (sire
1579 4357 1741 4436 delectum)
1763 4375 1848 4418 man-

386 4465 522 4539 dibulae,
556 4466 586 4528 iu
616 4467 707 4528 altera
736 4485 805 4528 roro
832 4465 906 4528 lacie
925 4485 966 4527 os
990 4464 1188 4526 minimum
1212 4461 1274 4523 hiat
1295 4470 1324 4522 ot
1346 4461 1466 4524 unicum
1494 4459 1631 4534 (laertem,
1655 4459 1847 4522 iocisirorum

386 4566 462 4640 ioco,
485 4568 533 4629 rix
557 4569 733 4647 dignoscere
758 4571 917 4650 permittit,
952 4567 1119 4630 mandibula
1143 4567 1208 4629 sinc
1231 4566 1320 4627 dubio
1352 4565 1472 4626 omnino
1507 4566 1609 4636 deest,
1644 4566 1847 4630 auriculae

386 4669 455 4736 sub
475 4690 540 4732 ore
564 4692 756 4738 connexae
778 4693 865 4738 unam
887 4684 998 4736 tarrtum
1022 4675 1189 4752 operturam
1213 4669 1406 4752 circumdant.
1451 4668 1473 4730 1.
1498 4687 1544 4747 sp.
1568 4687 1594 4729 r.

382 4828 709 4843 ’.Ἦ

429 4913 457 4994 ’)
503 4915 623 4976 Monstra
643 4917 798 4982 animalium
819 4915 936 4994 duplicia
948 4934 997 4992 per
1012 4923 1154 4987 carloman
1171 4913 1303 4990 indagata.
1338 4911 1517 4986 lemburg.
1530 4908 1559 4969 8.
1575 4907 1640 4970 Tab.
1653 4909 1682 4965 il.
1698 4907 1754 4983 dig.
1768 4905 1844 4969 1-7.
