4716 5846
1232 661 1291 758 ld

543 887 548 929 ἰ
605 879 678 940 lanto
706 882 733 940 ia
757 875 877 940 reraln
905 873 1211 940 etentrati'n'nem'
1230 873 1461 954 ampiilieata
1483 873 1615 938 cateialra
1637 893 1726 954 genua
1748 877 1906 956 delapsam
1925 897 1988 940 cnm

605 984 700 1042 beroia
721 984 835 1042 canduit
865 985 1034 1042 inversio
1070 984 1213 1041 resinae
1241 981 1431 1040 arinarlae
1451 987 1479 1040 et
1508 994 1599 1038 anna
1627 983 1988 1054 praeternaturalia

541 1127 557 1170 Ι.
607 1087 689 1156 Vitia,
722 1103 793 1162 quae
815 1086 857 1144 bis
880 1086 1029 1154 accedunt,
1051 1086 1203 1160 pendente
1225 1084 1335 1142 diuersa
1353 1101 1430 1144 scau
1473 1083 1542 1142 Nam
1563 1085 1707 1160 utriusque
1727 1085 1834 1162 puellae
1857 1095 1987 1146 uterne

605 1191 641 1248 in
661 1199 787 1265 partes
811 1190 900 1248 duas
919 1190 1105 1251 laterales
1128 1198 1186 1248 est
1206 1190 1371 1262 divisus,
1400 1207 1516 1266 quarum
1538 1199 1653 1264 utraque
1676 1206 1737 1248 curn
1759 1190 1853 1248 orario
1874 1189 1987 1263 coujun-

540 1351 544 1358 ,
606 1303 649 1352 cta
670 1293 785 1352 seorsim
807 1293 833 1350 in
855 1292 950 1350 dextro
973 1301 1000 1350 et
1021 1294 1133 1353 sinistro
1156 1291 1240 1353 latere
1261 1293 1369 1358 uesicae
1390 1293 1526 1350 urinariae
1546 1294 1668 1352 incursae
1689 1292 1821 1367 patefacta
1843 1302 1885 1352 est
1906 1294 1986 1362 ostio,

606 1399 634 1456 in
661 1415 759 1484 parson
775 1397 917 1458 tuberculo
941 1398 1100 1470 corispicuc.
1143 1395 1199 1454 idae
1225 1396 1390 1487 lormatjoue
1421 1395 1550 1456 morbosa
1572 1395 1679 1470 puellae
1699 1397 1842 1454 maximam
1865 1397 1986 1455 similitu·

607 1501 697 1560 dinem
731 1500 849 1560 offerunt
879 1517 941 1558 eum
969 1498 1075 1573 puelia,
1107 1515 1188 1572 quam
1211 1498 1274 1556 Cbr.
1296 1499 1326 1556 D.
1355 1497 1447 1574 Juog
1469 1499 1497 1555 iu
1521 1497 1630 1556 dbeert.
1652 1499 1803 1574 inaugurali
1827 1500 1986 1575 descripsit:

604 1602 731 1684 ,symbola
750 1603 784 1662 ad
806 1603 956 1661 doctrinam
980 1601 1013 1658 de
1036 1601 1105 1658 vitiis
1124 1581 1200 1668 ¹cirea
1217 1599 1352 1659 abdomen
1375 1599 1535 1672 congenitis.
1579 1601 1717 1658 Accedunt
1740 1603 1848 1660 tabulae
1870 1613 1987 1678 quatuor

608 1708 664 1764 aeri
688 1706 796 1764 incisae.
831 1705 941 1761 bonnae
966 1701 1046 1760 1825
1066 1703 1096 1760 t.
1141 1703 1261 1775 itemque
1284 1703 1412 1776 congruit
1434 1703 1562 1760 alterutra
1574 1703 1749 1776 gemellarum
1762 1705 1914 1780 puellarum
1926 1723 1988 1764 cum

608 1809 654 1867 ilia
685 1809 803 1877 infante,
830 1808 904 1882 quod
936 1807 1063 1864 ultima
1096 1805 1264 1864 intestini
1287 1825 1371 1882 pars
1402 1807 1549 1865 inversa
1572 1817 1626 1864 est
1650 1817 1912 1882 etproeessunr
1934 1826 1988 1884 ey·

608 1913 807 1969 liudrieum
836 1912 862 1967 iu
894 1921 999 1967 tumore
1026 1910 1156 1968 hernioso
1186 1909 1294 1968 exhibet
1316 1909 1364 1980 tsi
1386 1909 1492 1966 eievaoa
1516 1926 1551 1966 un
1575 1927 1660 1982 corpo
1683 1907 1824 1967 cilindrico
1847 1911 1935 1968 iorato
1959 1910 1986 1966 in

608 2017 676 2073 eima
699 2011 915 2088 rassomigliaute
937 2014 1008 2069 assai
1030 2013 1064 2071 ad
1087 2029 1123 2070 un
1142 2009 1248 2086 pineolo
1269 2029 1339 2086 pene
1361 2011 1463 2082 virile).
1509 2011 1626 2084 Utraque
1649 2013 1738 2084 puella
1755 2030 1811 2070 non
1831 2011 1912 2070 habet
1936 2013 1989 2070 nisi

608 2137 711 2177 unum
734 2135 855 2176 renem
876 2126 903 2174 et
924 2117 1031 2190 quidem
1055 2117 1228 2186 dextrum,
1249 2115 1365 2190 denique
1384 2103 1532 2191 'utriusque
1553 2117 1661 2182 iniectis
1683 2117 1794 2193 pedes
1817 2121 1894 2177 vari
1915 2129 1987 2188 sunt,

606 2223 676 2280 sieut
697 2221 782 2298 pedes
806 2222 894 2297 pueri,
917 2238 998 2294 quem
1021 2221 1179 2280 Garunna
1203 2221 1371 2279 examinavit
1491 2215 1494 2222 ’

1118 2509 1421 2522 m

666 2827 715 2922 ll.
745 2815 746 2820 Ν
775 2825 963 2922 Monstra
993 2824 1284 2921 mammaiium
1318 2827 1503 2949 duplicia
1533 2857 1623 2922 nro.
1656 2825 1846 2926 17-702

802 3015 848 3088 A.
903 3015 1053 3089 Monstra
1081 3015 1235 3112 aequalia
1263 3013 1407 3113 duplicia
1435 3037 1510 3090 uro.
1540 3015 1713 3089 tr-ct.

631 3219 685 3296 lt)
731 3221 893 3284 Sceleta
916 3239 1097 3300 agnorum
1120 3220 1357 3300 pectoribus
1380 3219 1686 3294 coenaturum).
1731 3217 1900 3301 inutraque
1915 3239 1991 3300 agna

525 3333 621 3390 exstat
649 3331 858 3388 curvatura
888 3323 1161 3386 vertebrarum
1192 3321 1409 3385 dorsalium
1446 3310 1694 3385 anteriorum
1726 3324 1930 3398 morbosa,
1959 3325 1990 3386 in

523 3431 614 3494 alters
635 3430 683 3492 cui
705 3447 773 3490 ossa
796 3426 920 3488 incisim
944 3426 1032 3506 paulo
1061 3445 1148 3506 quam
1178 3443 1232 3506 par
1253 3430 1300 3488 est
1320 3426 1455 3488 breviora
1475 3435 1561 3499 sunt,
1596 3427 1626 3488 in
1648 3427 1725 3488 latus
1750 3426 1926 3499 sinistrum,
1959 3427 1991 3488 ic
2116 3459 2118 3465 .

523 3535 614 3600 altera
644 3531 675 3596 ln
707 3534 784 3595 latias
819 3531 955 3593 dextrum
988 3547 1143 3592 eortversa.
1188 3529 1374 3593 concreti
1406 3531 1435 3592 in
1460 3531 1514 3594 bac
1536 3539 1689 3611 praeterea
1711 3529 1991 3591 uertebrarum

525 3635 848 3717 dorsaliumpritoa
865 3634 1009 3716 usquead
1026 3634 1156 3713 quintam
1179 3652 1397 3714 processus
1421 3635 1575 3715 spinosi
1599 3635 1636 3696 in
1659 3633 1838 3695 laminam
1862 3631 1990 3704 latam,

526 3741 557 3802 iu
586 3741 635 3804 ilia
668 3739 785 3802 obtinet
806 3739 912 3802 horum
935 3753 1128 3816 processuum
1152 3735 1277 3798 coalitus
1299 3736 1379 3798 inter
1403 3737 1527 3816 primam
1551 3745 1582 3798 ct
1603 3736 1782 3810 secundem,
1819 3735 1937 3800 tertiam
1962 3741 1992 3794 et

528 3851 674 3920 quartam,
706 3843 840 3923 quintam
861 3848 892 3902 et
914 3849 1046 3910 sextam,
1076 3837 1233 3916 septimam
1256 3846 1288 3898 ct
1306 3847 1438 3902 comeam
1461 3841 1636 3903 vertebram.
1680 3839 1898 3902 Monstrum
1920 3835 1991 3897 boc

527 3941 682 4004 unicum
703 3945 746 4006 ad
769 3952 1009 4021 eteruopaga
1031 3947 1091 4000 cst
1109 3939 1373 4005 referendum.

633 4053 685 4132 18)
730 4056 924 4118 Porsulae
957 4055 1017 4116 vix
1044 4064 1231 4126 maturas,
1256 4054 1300 4114 ab
1320 4053 1507 4116 umbilico
1529 4056 1572 4117 ad
1596 4011 1844 4120 mandibulas
1869 4057 1992 4120 lacie-

527 4158 594 4222 bus
613 4157 895 4222 anterioribus
922 4157 1003 4219 sibi
1027 4157 1231 4236 oppositae
1261 4166 1299 4218 ct
1320 4166 1541 4219 concretae.
1585 4159 1670 4235 Apud
1694 4157 1892 4221 insertionem
1914 4158 1990 4220 iuui-

528 4307 830 4323 -—,-n—=——

570 4391 599 4478 ”)
646 4391 851 4462 stertebas,
875 4394 909 4452 dc
932 4395 1005 4467 dupl.
1029 4407 1141 4454 monstr.
1172 4416 1233 4473 pag.
1257 4394 1308 4457 85.
1352 4397 1483 4455 lusicrem
1512 4399 1627 4471 partium
1651 4399 1749 4455 borum
1770 4387 1903 4472 ag'norum
1927 4397 1995 4454 mol·

614 4501 678 4558 lium
702 4497 911 4572 descriptionem
936 4497 1089 4570 divulgavit.
1135 4501 1207 4569 Quae
1230 4502 1263 4559 de
1286 4503 1385 4558 sternis
1409 4499 1489 4556 babet
1513 4499 1579 4556 baec
1601 4509 1681 4557 sunt:
1713 4499 1825 4556 lionstri
1845 4501 1936 4574 agnini
1956 4500 1994 4556 le-

615 4603 709 4662 minini
740 4602 861 4660 seeletoo
888 4599 949 4657 ideo
981 4599 1070 4656 differt
1094 4602 1136 4664 ab
1159 4601 1275 4660 humano
1299 4605 1452 4673 (monstro)
1478 4601 1552 4673 quod
1575 4611 1665 4658 sterna
1687 4601 1741 4658 doo
1765 4599 1863 4658 adsunt
1881 4617 1994 4676 perpen-

615 4708 761 4776 dicularis,
781 4706 898 4764 alterum
920 4704 1056 4772 anterius,
1078 4705 1214 4778 posterius
1231 4705 1361 4775 alterum,
1388 4703 1494 4778 singula
1518 4705 1601 4764 costis
1622 4705 1726 4764 dextris
1742 4714 1770 4763 et
1790 4705 1908 4764 sinistris
1930 4702 1994 4760 aite-

616 4813 719 4873 rnttius
740 4815 866 4886 eorporis
890 4809 1041 4882 interjecta.
