4716 5846
1092 707 1140 798 15

377 928 494 1000 lateris
526 927 658 998 mione
690 927 773 999 sotis
804 919 967 1020 probatur
998 919 1154 994 laminam
1188 920 1358 992 sinistram
1392 915 1504 988 foetus
1538 916 1650 992 dextri
1685 916 1833 990 tortasse

378 1079 448 1132 uon
476 1055 613 1130 omuino
642 1051 806 1130 defuisse.
858 1053 1063 1152 Reperimus
1090 1057 1203 1150 itaque
1229 1056 1264 1124 in
1293 1054 1360 1126 hoc
1386 1074 1466 1124 casu
1494 1053 1708 1125 conditiones
1727 1049 1834 1147 quas*

262 1252 266 1260 Α
378 1191 468 1282 dam,
496 1213 583 1288 quae
608 1167 746 1265 nostrate
772 1190 816 1264 de
843 1193 1092 1264 extremitatum
1120 1188 1256 1265 delectu
1282 1189 1472 1264 sententiae
1499 1190 1609 1261 minus
1635 1187 1757 1262 lovere
1774 1190 1834 1262 vi-

379 1327 509 1402 dentur.
558 1327 671 1401 Nihilo
703 1337 816 1399 tamon
852 1328 961 1400 miuus
997 1346 1100 1423 spero
1126 1325 1202 1398 iore
1228 1346 1310 1398 mox
1335 1333 1372 1395 ut
1396 1321 1496 1396 simili
1523 1343 1616 1412 msa,
1642 1343 1743 1416 quem
1763 1322 1834 1412 jars

379 1461 464 1536 alius
489 1465 618 1535 incisor
642 1461 855 1553 observarit,
891 1462 973 1534 milri
998 1461 1171 1556 bucusque
1198 1465 1337 1556 ignoto,
1363 1461 1428 1533 bae
1453 1462 1708 1533 controversiae
1735 1479 1835 1530 oom-

376 1603 556 1694 ponantur.

484 1729 659 1823 Subiungo
684 1729 740 1802 bic
766 1730 1031 1828 descriptionem
1057 1735 1135 1825 agni
1162 1733 1303 1828 pedibus
1327 1756 1394 1808 sex
1406 1732 1563 1829 praediti,
1590 1735 1625 1804 in
1642 1753 1708 1825 quo
1734 1731 1835 1804 orto

378 1871 515 1962 praeter
539 1863 663 1960 pedum
690 1863 919 1960 duplicitatem
944 1863 1046 1934 multa
1073 1863 1137 1935 ulia
1165 1863 1442 1937 conformationis
1477 1867 1559 1938 vitio
1586 1869 1726 1939 invenit.
1753 1866 1776 1937 l.
1804 1887 1835 1938 c.

376 2023 458 2098 pag.
489 1995 573 2074 253.
602 1997 686 2074 Nro.
713 1997 797 2072 tut.
850 2001 971 2095 Agnus
998 2023 1064 2075 sex
1089 1999 1231 2100 pedibus
1257 2005 1449 2076 instructus.

479 2166 512 2228 ln
534 2168 590 2230 hoo
612 2187 689 2248 agno
712 2170 843 2232 masculo
867 2179 895 2230 et
918 2139 1033 2232 maturo
1050 2171 1127 2232 inter
1148 2171 1240 2250 pedes
1263 2172 1339 2233 duos
1353 2173 1515 2234 anteriores
1538 2173 1693 2251 legitimos·
1706 2171 1764 2233 duo
1785 2173 1835 2233 alii

380 2269 587 2344 inveniuntur,
611 2273 676 2352 qui
701 2293 743 2334 ex
759 2273 898 2352 jugulo
921 2275 1143 2354 dependeat
1166 2284 1196 2337 et
1217 2277 1420 2354 magnitudine
1444 2276 1606 2338 ordinariis
1629 2293 1688 2336 nou
1712 2275 1834 2336 multum

380 2373 504 2448 cedunt;
526 2375 575 2453 qui
602 2384 697 2435 tamen
721 2375 758 2434 ita
782 2375 904 2436 inversi*
918 2385 997 2448 sunt,
1020 2386 1052 2437 ut
1075 2377 1164 2438 latera
1186 2379 1352 2456 posteriora
1375 2380 1409 2440 ad
1435 2380 1543 2440 facicm
1565 2384 1710 2456 spectent.

481 2491 615 2554 Detracta
638 2493 706 2554 colli
732 2499 762 2552 et
784 2492 911 2570 pectoris
933 2493 1012 2571 pelle
1036 2495 1251 2578 claboratlsque
1266 2499 1426 2576 diligenter
1444 2498 1598 2569 musculis,
1620 2497 1699 2558 vasis
1723 2505 1752 2556 et
1767 2515 1836 2556 ner-

380 2593 441 2667 vis,
464 2596 562 2656 statim
586 2595 710 2673 cognovi
732 2595 824 2673 pedes
849 2599 1127 2675 supernumerarius
1155 2599 1237 2660 nullo
1257 2601 1345 2662 ruodo
1364 2620 1431 2663 curn
1452 2601 1565 2662 sceleto
1588 2598 1673 2676 agni.
1697 2597 1750 2658 sed
1770 2607 1835 2658 tan-

380 2707 440 2760 tum
460 2717 527 2761 oum
549 2700 613 2780 ejus
636 2707 702 2761 cute
725 2710 755 2760 et
776 2699 920 2760 musculis
943 2700 1116 2762 cohaerere.
1159 2702 1191 2762 ln
1215 2703 1335 2764 sinistra
1352 2704 1429 2764 euim
1451 2703 1547 2781 juguli
1565 2712 1647 2780 parte
1671 2701 1835 2780 etquidem

378 2801 456 2863 iuter
476 2803 644 2866 musculum
666 2803 926 2884 sternobpoldeum
949 2813 978 2865 et
999 2805 1298 2868 sternomastoideum
1319 2825 1441 2886 magnus
1465 2818 1510 2868 est
1531 2807 1638 2876 tulatus,
1664 2805 1720 2864 tela
1743 2802 1836 2864 cellu-

377 2907 441 2968 losa
463 2907 527 2969 lara
555 2917 585 2969 et
612 2907 698 2986 adipe
727 2909 875 2986 impletus.
919 2909 983 2970 lion
1013 2909 1078 2970 loco
1098 2909 1187 2988 pedes
1209 2910 1253 2970 illi
1276 2911 1341 2972 laxe
1362 2911 1524 2972 adhaerent
1544 2906 1605 2970 cuti
1630 2915 1659 2970 et
1677 2905 1835 2968 admodum
1940 2949 1945 2954 -

377 3010 517 3072 tenuibus
540 3011 641 3073 stratis
663 3013 900 3087 masculanum,
924 3014 1059 3076 musculo
1080 3013 1262 3076 subcutaneo
1286 3024 1316 3077 et
1343 3014 1487 3076 musculis
1512 3009 1721 3092 pectoralibus.
1765 3007 1835 3068 Hia-

377 3124 425 3176 tus
446 3124 545 3178 autem
569 3115 668 3177 illeeo
686 3115 779 3196 major
801 3125 857 3190 est,
881 3133 972 3198 quum
994 3125 1133 3196 pectus
1155 3115 1239 3176 iere
1262 3117 1426 3194 penitus
1448 3116 1590 3176 lissum
1615 3114 1836 3192 diductum-

378 3235 447 3298 que
469 3218 538 3292 sit;
563 3211 701 3298 suprema
723 3219 802 3282 euim
826 3224 918 3283 sterni
940 3240 1009 3302 pars
1032 3221 1130 3282 lunata
1153 3230 1183 3282 et
1205 3231 1341 3282 excavata
1362 3228 1423 3293 est,
1448 3219 1573 3280 interior
1594 3227 1693 3278 autem
1715 3213 1834 3283 delicit;

377 3329 408 3382 et
428 3337 496 3399 pars
517 3322 617 3382 madia
648 3329 757 3384 tanturn
789 3335 925 3404 superest
953 3325 1044 3386 nimis
1066 3325 1133 3384 lata.
1175 3322 1212 3384 ln
1234 3322 1291 3383 boc
1312 3321 1393 3383 biatu
1416 3339 1526 3398 magno
1548 3323 1642 3400 pedes
1668 3319 1713 3380 illi
1735 3331 1833 3396 paene

378 3441 472 3501 usque
490 3424 525 3486 ad
546 3424 665 3486 ultimas
688 3426 755 3486 colli
779 3427 930 3490 vertebras
952 3427 1138 3490 adscendunt
1160 3433 1190 3486 et
1212 3424 1338 3486 mobiles
1360 3424 1532 3486 adhaerent.
1577 3423 1719 3482 Constant
1735 3425 1834 3478 autem

379 3542 414 3584 eu
437 3543 506 3585 osse
529 3525 654 3604 quodam
679 3537 865 3600 transverso,
896 3530 926 3590 in
950 3529 1027 3608 quod
1051 3528 1189 3606 scapulae
1211 3527 1357 3588 coaluisse
1379 3525 1519 3586 ridentur
1541 3533 1571 3585 et
1594 3525 1623 3584 in
1645 3522 1729 3600 cujus
1752 3529 1835 3580 utro-

378 3643 434 3706 que
454 3625 514 3686 bne
543 3626 727 3688 acetabulum
757 3639 859 3690 exstat.
902 3630 978 3690 lluic
1007 3630 1038 3690 in
1068 3639 1194 3708 utroque
1229 3628 1319 3689 latere
1350 3627 1473 3689 articulo
1500 3627 1646 3706 capsulari
1669 3625 1834 3702 injunctum

376 3741 423 3794 est
444 3751 478 3792 os
500 3729 617 3792 humeri
636 3735 719 3810 iusto
741 3734 862 3795 brevius
885 3743 914 3794 et
932 3733 1053 3794 tenuius
1077 3732 1281 3812 musculispne
1301 3729 1452 3792 normullis
1471 3729 1604 3790 minimis
1624 3746 1642 3788 a
1665 3735 1834 3788 transverso

376 3851 445 3896 osse
466 3833 631 3896 orientibus
651 3833 831 3903 involutum3
853 3834 911 3896 boc
926 3834 994 3896 bina
1014 3833 1191 3896 autibracbii
1207 3851 1274 3894 ossa
1290 3833 1449 3912 excipiunt,
1476 3841 1504 3894 ct
1527 3831 1655 3910 denique
1678 3829 1763 3908 pedis
1785 3847 1835 3890 os·

376 3951 426 4006 se;
456 3953 490 3996 ea
520 3935 618 3996 omnia
649 3945 679 3996 et
708 3937 853 3998 musculis
881 3946 911 4014 ct
937 3936 1109 3998 tendinibus
1138 3946 1248 3998 carent.
1292 3936 1411 3996 Viscera
1441 3934 1602 4014 pectoralia
1631 3933 1731 3995 multis
1753 3930 1834 3992 vitiis

376 4035 481 4099 allecta
505 4047 583 4098 sunt.
628 4035 772 4100 Dextra
804 4039 884 4100 euim
914 4037 1224 4118 diaphragmatis
1253 4057 1339 4117 pars
1366 4047 1547 4100 ettotam
1571 4035 1834 4115 paricardiure

374 4141 674 4225 desiderantum
697 4161 782 4223 quaro
806 4143 845 4204 ob
869 4161 931 4204 rem
954 4143 1044 4204 multa
1064 4141 1234 4203 abdominis
1256 4141 1383 4213 viscera,
1407 4141 1487 4202 velut
1511 4140 1632 4200 sinister
1654 4139 1770 4218 hepatis
1791 4139 1836 4197 lo-

374 4243 442 4318 bus,
467 4245 648 4318 stomachus,
673 4245 733 4308 lien
758 4253 788 4306 et
809 4244 944 4306 intestini
967 4263 1053 4324 pars,
1077 4244 1106 4306 in
1127 4254 1232 4324 peetus
1255 4245 1454 4314 inuenerunt,
1481 4243 1582 4322 ibique
1603 4262 1697 4322 prope
1730 4261 1782 4304 cor
1805 4247 1835 4302 et

377 4351 548 4428 pulmonem
573 4351 745 4422 sinistrum,
776 4369 850 4430 qrrac
872 4349 1057 4410 dextrorsum
1080 4347 1213 4426 promota
1240 4357 1328 4420 sunt,
1348 4347 1457 4427 jaceat.
1505 4348 1613 4408 Denter
1637 4346 1738 4426 pulmo
1759 4343 1834 4422 legi-

375 4451 444 4513 tima
476 4453 581 4533 plcura
610 4454 743 4516 inclusus
772 4459 851 4512 recte
879 4449 1031 4512 sehabet.
1076 4449 1147 4512 Cor
1170 4451 1199 4510 ln
1223 4449 1283 4510 duo
1306 4449 1378 4511 atria
1402 4451 1530 4511 divisum
1554 4460 1614 4520 est,
1645 4449 1835 4511 sedunum

378 4566 489 4619 tanturn
511 4558 769 4620 ventriculum
801 4555 990 4616 continet.
1038 4555 1114 4615 l'eua
1136 4572 1206 4616 cana
1229 4555 1365 4632 superior
1388 4574 1421 4616 en
1446 4555 1507 4614 sola
1541 4555 1643 4616 dextra
1666 4568 1738 4612 vena
1762 4550 1832 4611 sub·

375 4657 467 4720 clavia
490 4671 519 4721 et
537 4660 665 4740 jugulari
685 4663 903 4732 conformatum
930 4659 1098 4721 sinistra
1127 4667 1223 4719 autem
1253 4657 1457 4719 subtalaria
1482 4669 1518 4718 et
1537 4655 1740 4736 iugularis
1761 4670 1829 4711 cum

374 4777 447 4822 reue
464 4759 612 4824 subclasia
625 4763 750 4827 duorum
768 4764 875 4845 pedum
888 4779 1137 4842 supervacuorum
1151 4779 1210 4822 non
1223 4761 1366 4824 continuo
1382 4761 1528 4840 adipsum
1541 4777 1593 4820 cor
1607 4760 1752 4827 teruntur,
1776 4752 1829 4813 sed

373 4882 456 4926 oum
479 4883 574 4926 vena
596 4867 846 4945 hemiangea
867 4873 973 4928 coeunt
995 4876 1024 4927 et
1046 4866 1090 4928 sic
1111 4865 1143 4928 in
1165 4883 1269 4928 renam
1292 4883 1430 4945 angeam
1461 4874 1491 4926 et
1512 4881 1614 4926 cavam
1647 4858 1833 4938 superiorem
