4716 5846
522 961 526 970 ·
613 917 670 988 38)
712 917 1110 996 Monstromduplcx,
1132 915 1291 998 quaejam
1312 935 1396 980 nuuc
1416 915 1594 998 descripturi
1615 935 1738 990 somus,
1768 920 1974 985 cumcunl-

510 1019 682 1105 uolorom
715 1039 752 1082 ou
787 1020 1042 1100 leporumsit‚
1077 1037 1137 1080 uou
1158 1037 1319 1099 possumus
1341 1020 1524 1098 diiudicare.
1557 1021 1625 1101 quia
1656 1021 1733 1088 rutis
1763 1022 1894 1087 detracta
1915 1031 1971 1090 eet.

511 1123 632 1202 Caput
654 1123 836 1202 simplex,
868 1123 970 1186 eadem
992 1122 1169 1202 pectoris
1191 1131 1228 1186 et
1251 1123 1459 1202 upipsstrii
1490 1125 1597 1188 lusio
1627 1133 1715 1204 atque
1745 1123 1857 1186 insule
1880 1143 1972 1204 snpe-

510 1224 589 1288 rioru
612 1224 777 1304 eademque
801 1224 928 1306 denique
953 1223 1082 1306 partium
1105 1223 1241 1306 corporis
1265 1225 1463 1302 posteriorum
1482 1225 1651 1304 duplicius
1697 1225 1800 1290 llillurt
1821 1244 1892 1288 reru
1913 1243 1957 1305 pe

510 1327 627 1390 dibus
661 1325 930 1390 anterioribus
961 1325 1108 1394 tribus.
1132 1343 1257 1404 quorum
1280 1325 1353 1386 dno
1376 1325 1577 1390 ordinarii
1598 1334 1629 1388 et
1650 1325 1972 1399 interclusurum

510 1431 661 1494 tertius
683 1449 749 1508 pes
770 1437 899 1490 exstat
918 1428 955 1492 in
975 1428 1130 1490 cervice
1154 1436 1184 1487 et
1202 1426 1335 1502 ridetur,
1364 1427 1553 1508 quantumvis
1580 1426 1808 1506 investigatione
1829 1427 1972 1492 subitaria

510 1531 627 1603 detexi,
657 1551 723 1593 com
748 1532 925 1611 scapulis
948 1531 1098 1595 duabus
1118 1529 1249 1610 exiguis,
1279 1531 1371 1594 multo
1393 1549 1480 1612 quam
1503 1531 1533 1594 iu
1555 1531 1742 1612 regularibus
1765 1553 1891 1598 necessu
1914 1541 1970 1608 sot,

510 1634 687 1704 minoribus.
710 1635 942 1714 pernumerem
965 1633 1132 1712 simplicem
1156 1633 1324 1706 articularip
1348 1652 1445 1713 usque
1468 1634 1706 1708 insutiluaclrio,
1729 1638 1870 1716 usquein
1883 1655 1972 1700 mauu

511 1739 569 1804 ulla
595 1736 759 1816 duplicitas.
804 1739 965 1800 Musunii
990 1739 1106 1818 liujus
1130 1736 1247 1816 pedis
1269 1745 1364 1800 suut
1382 1738 1481 1800 sotis
1505 1737 1649 1810 validi,
1682 1737 1820 1800 hernia
1844 1739 1973 1801 umbi-

510 1841 645 1904 lrcalis
665 1841 741 1904 haud
765 1859 863 1920 parra.
907 1840 1054 1920 Spiuae
1078 1839 1261 1903 dorsales
1286 1839 1475 1920 usquead
1509 1839 1667 1922 occiput
1696 1839 1881 1920 duplices
1904 1861 1973 1906 esse

510 1945 659 2007 ridentur.

466 2159 472 2174 ⁸
510 2187 592 2232 mus
612 2169 837 2238 infarctum
867 2179 951 2232 uetus
982 2179 1078 2230 tumeu
1100 2178 1304 2250 praeparatum
1326 2185 1415 2246 quum
1439 2165 1496 2239 sit,
1522 2165 1666 2244 temperis
1687 2162 1795 2243 injuria
1819 2175 1974 2248 tantopere

511 2281 558 2336 est
580 2273 709 2340 laesum.
735 2276 767 2332 ut
788 2278 969 2332 structuram
992 2279 1182 2332 externarum
1205 2269 1312 2332 saltem
1335 2267 1462 2347 partium
1486 2286 1520 2330 eu
1542 2285 1580 2330 eo
1600 2266 1778 2345 dignoscere
1802 2270 1828 2332 si
1851 2288 1910 2332 non
1931 2271 1972 2334 li.

510 2385 600 2448 curet,
623 2374 708 2440 uileili
731 2373 873 2436 locurum.

611 2509 668 2584 tu)
713 2511 850 2574 Carnifex
881 2523 916 2569 ex
939 2525 1014 2588 pago
1038 2507 1182 2587 quodam,
1212 2526 1306 2588 prope
1329 2507 1438 2569 Ziziam
1463 2508 1521 2570 sito
1541 2507 1650 2570 vitulos
1674 2515 1817 2569 ucouatos
1838 2505 1972 2588 copones

509 2615 625 2678 ademit
656 2623 844 2692 narrantque
874 2628 992 2672 raucam
1024 2611 1122 2670 stetini
1147 2619 1215 2690 post
1236 2620 1351 2688 portum
1388 2609 1592 2672 difficillimum
1626 2611 1811 2673 miserrimos
1842 2613 1973 2690 mugitus

511 2719 648 2780 edentem
670 2717 797 2776 culmum
820 2713 989 2790 exspirasse
1013 2710 1154 2787 (tortasse
1176 2721 1301 2790 propter
1324 2711 1399 2772 uteri
1424 2719 1602 2790 rupturum).
1638 2713 1786 2774 Scelerum
1811 2713 1970 2776 titulorum

511 2821 760 2897 derodymnm
783 2815 874 2877 refert
892 2815 1019 2874 liumano
1038 2827 1149 2886 nostro,
1173 2815 1250 2893 qnod
1275 2811 1490 2874 lleoltelins
1512 2811 1671 2890 descripsit
1693 2835 1816 2894 prorsus
1840 2819 1904 2878 lere
1921 2837 1972 2880 ae·
2090 2841 2096 2856 ·

510 2923 640 3003 qualem.
685 2919 819 2998 Capita
843 2919 933 2986 duo.
956 2916 1156 2995 paululum
1178 2917 1350 2995 obliqua,
1370 2913 1512 2992 spinae
1538 2913 1780 2978 dorsalessli
1801 2919 1974 2997 occipite

510 3023 555 3085 ad
581 3031 773 3083 extremas
796 3019 937 3102 caudas
970 3019 1152 3096 duplices
1175 3029 1205 3081 et
1226 3019 1393 3098 sejunctae,
1429 3026 1677 3080 curvaturam
1701 3029 1731 3079 et
1753 3021 1973 3084 tersionem

512 3127 731 3189 abuurmum
764 3143 799 3185 ex
832 3141 1026 3202 processuum
1055 3125 1244 3202 spinosorum
1279 3123 1443 3184 directione
1474 3125 1710 3200 coguoscendum
1732 3128 1884 3204 praebunt
1939 3131 1973 3194 lo

509 3237 636 3308 meaque
658 3225 743 3306 spina
767 3226 941 3286 observatur
962 3228 1128 3305 syuostosis
1152 3243 1347 3304 processuum
1370 3226 1571 3304 spinosorum,
1593 3227 1644 3306 qui
1667 3227 1697 3288 in
1726 3231 1876 3294 anteriore
1908 3233 1975 3295 tlro-

512 3351 580 3397 race
598 3329 764 3410 longissimi
788 3337 867 3392 sont
913 3330 944 3392 lu
967 3331 1089 3408 region'u
1112 3331 1217 3392 sacrali
1241 3330 1344 3408 spinae
1367 3330 1619 3409 caesareensem
1644 3331 1768 3392 maxime
1787 3333 1844 3394 sibi
1865 3353 1974 3416 oppro-

508 3437 692 3517 pluquautur
711 3433 848 3515 meoque,
872 3435 921 3495 olii
946 3435 1064 3514 pollicis
1087 3435 1207 3498 circiter
1227 3435 1322 3514 spatio
1342 3453 1359 3496 s
1378 3449 1412 3496 se
1433 3433 1560 3496 invicem
1585 3433 1695 3496 distant
1715 3447 1828 3514 partem
1857 3439 1976 3502 curtile-

509 3515 746 3620 giueo-osseam
769 3539 882 3600 ossium
908 3539 1168 3610 incommodorum,
1193 3557 1268 3622 quse
1291 3537 1320 3599 iu
1344 3535 1454 3599 lubrica
1479 3537 1608 3615 legitima
1639 3537 1679 3597 ibi
1707 3537 1821 3599 debent
1854 3539 1974 3616 adesse,

508 3643 542 3705 in
564 3659 666 3705 uerum
687 3641 786 3704 locum
809 3643 951 3721 reperies.
997 3643 1157 3724 Utriusque
1178 3644 1280 3722 spinae
1301 3651 1401 3704 costae
1423 3640 1460 3702 ab
1482 3649 1605 3702 esterno
1629 3641 1719 3702 latere
1741 3643 1854 3714 affixae,
1878 3645 1975 3708 idest

512 3747 633 3808 dextrae
659 3746 688 3807 in
713 3747 815 3807 dextra
839 3745 935 3825 spina,
957 3745 1097 3807 sinistrae
1119 3747 1150 3806 in
1173 3743 1304 3815 sinistra.
1329 3763 1452 3806 numero
1467 3744 1700 3824 quatuordecim.
1725 3745 1754 3806 iu
1768 3753 1888 3822 pectore
1910 3767 1974 3810 mu-

507 3845 786 3926 disuartllagiurun
820 3863 876 3926 ope
907 3867 973 3910 uum
1007 3846 1099 3910 sterni
1134 3849 1254 3910 ossibus
1278 3849 1513 3909 committuntur,
1557 3847 1692 3908 Sterni
1727 3849 1878 3912 lubrica
1898 3851 1973 3912 ali-

512 3950 736 4026 quantulum
754 3951 968 4022 abnormis3
992 3971 1060 4013 uam
1083 3952 1113 4013 iu
1138 3949 1343 4014 manubrio
1368 3962 1537 4032 quatuor
1557 3967 1645 4012 ossa
1674 3959 1829 4013 exstant
1850 3953 1887 4014 iu
1911 3971 1974 4015 or·

511 4047 640 4110 diuum
663 4060 926 4118 transversum
950 4056 1166 4135 disposita,
1198 4071 1323 4136 quorum
1348 4057 1476 4135 primum
1500 4065 1529 4144 et
1551 4063 1703 4135 quadum.
1736 4056 1828 4116 multo
1851 4056 1971 4135 majora,

510 4152 627 4232 primae
650 4163 748 4215 costae
770 4157 903 4236 adoptata
925 4165 1005 4231 suut,
1027 4157 1193 4234 secuudum
1216 4167 1247 4218 ut
1267 4161 1387 4220 tertium
1411 4158 1475 4220 sire
1498 4158 1594 4220 media
1617 4157 1675 4220 duo
1696 4167 1768 4220 suut
1790 4159 1921 4233 minoem
1941 4157 1972 4222 iu

514 4252 608 4318 sturni
631 4269 756 4330 corpore
778 4257 908 4338 quinque
929 4269 996 4322 ossa
1019 4259 1137 4339 longam
1161 4261 1272 4323 seriem
1293 4263 1486 4336 constituunt,
1510 4262 1638 4341 primum
1662 4262 1868 4324 etsecuudom
1888 4261 1972 4325 sulco

511 4357 615 4420 modio
636 4353 791 4434 interjecto
819 4358 1020 4438 duplicitatem
1050 4364 1200 4426 lateralem
1232 4366 1375 4427 iudicant
1417 4367 1585 4428 Processere
1614 4363 1792 4443 xiplroideus
1813 4364 1919 4442 longos
1938 4365 1973 4428 io

510 4459 609 4522 arelius
633 4466 716 4536 purte
741 4473 850 4519 oasetts
873 4471 928 4524 cst.
971 4469 1070 4526 ultera
1101 4475 1251 4529 costarum
1273 4468 1369 4529 serios
1391 4468 1456 4530 siro
1479 4468 1602 4529 laterior
1623 4467 1741 4548 utrique
1764 4467 1868 4546 situas
1890 4487 1907 4530 a
1930 4469 1972 4531 la·

513 4571 577 4626 ture
600 4561 716 4624 interno
733 4559 893 4622 muse
910 4572 958 4624 eet
976 4573 1008 4624 et
1028 4577 1145 4627 ueustat
1166 4579 1291 4649 utraque
1313 4569 1387 4631 baeu
1409 4569 1506 4630 scrius
1526 4587 1563 4630 ex
1592 4572 1685 4632 costis
1708 4569 1801 4632 multo
1824 4571 1971 4636 breviori-

513 4665 581 4735 bus,
605 4679 681 4744 quae
703 4662 1008 4727 interseruerunt
1030 4683 1180 4730 uououxuu
1202 4689 1256 4749 per
1279 4682 1413 4735 steruom
1438 4671 1658 4736 intermedium.
1702 4673 1833 4737 llettrue
1857 4678 1971 4756 spinae,

512 4786 589 4849 onae
611 4773 681 4830 sunt
700 4765 731 4828 in
750 4765 873 4828 sinistro
895 4767 1118 4840 intersumus
1139 4773 1438 4838 coalitaenraximom
1461 4788 1574 4855 partem
1595 4785 1682 4850 sont,
1711 4779 1751 4841 ite
1781 4789 1814 4842 ut
1843 4781 1973 4843 secunda

514 4890 582 4936 uum
605 4873 701 4946 tertia,
723 4872 793 4934 imm
816 4872 917 4953 quinta
938 4879 970 4934 st
990 4881 1083 4948 sexta,
1103 4879 1230 4958 septimo
1249 4887 1401 4942 stortura
1424 4882 1455 4944 iu
1475 4883 1535 4944 llnu
1558 4885 1662 4946 intime
1681 4883 1868 4952 cohaereant,
1891 4882 1971 4942 luter
