4716 5846
486 920 591 987 sitium
620 919 693 983 inde
724 883 845 984 erratum
873 917 1008 998 ejusdam
1030 917 1143 982 indolis
1166 937 1235 982 esse
1257 938 1293 982 ac
1312 918 1424 984 labium
1445 918 1614 1000 leporinum
1634 928 1806 998 persecet
1825 921 1951 986 manite-
2062 935 2075 966 ⁰

486 1031 578 1088 stum.
619 1021 726 1086 labis
749 1020 1301 1102 pullisdecussanturpraeterea
1325 1023 1509 1088 maxillae
1532 1022 1763 1102 superiores
1785 1033 1815 1086 et
1849 1025 1950 1089 tota·

486 1127 625 1189 riores.
670 1125 770 1190 Cranii
789 1133 936 1190 structura
958 1126 996 1188 ab
1018 1126 1123 1206 regula
1144 1144 1203 1188 non
1226 1127 1405 1199 dalleotitur,
1428 1126 1480 1190 aed
1502 1125 1589 1205 spina
1611 1125 1699 1187 billda
1721 1125 1816 1188 adest.

587 1243 647 1320 8⁰)
691 1243 833 1307 Pullos
856 1245 1068 1308 anserinus
1091 1263 1171 1308 cum
1194 1264 1308 1308 sacco
1330 1245 1540 1308 vitellario
1562 1243 1774 1325 itempertinet
1793 1243 1839 1304 ad
1861 1261 1951 1324 opo·

487 1348 639 1428 dymos,
674 1353 757 1412 caret
788 1347 883 1410 cranii
918 1347 1035 1410 luruice
1053 1365 1164 1420 osseo,
1195 1347 1250 1409 sed
1274 1347 1437 1410 instructus
1459 1355 1507 1408 est
1528 1347 1699 1428 encephalo.
1743 1347 1950 1412 Vertebrae

486 1450 582 1514 colli
602 1449 837 1530 superiores
859 1457 932 1512 saint
952 1449 1071 1513 bitidae.
1116 1450 1281 1513 Oculum
1302 1449 1465 1512 tertium
1488 1449 1551 1512 sive
1573 1449 1813 1530 cyclopicum
1835 1467 1852 1509 e
1874 1449 1952 1511 duo·

486 1555 544 1618 bna
567 1541 665 1617 bulbis
686 1571 755 1614 osse
777 1553 975 1633 compositum
997 1552 1099 1614 doceri
1121 1553 1259 1614 ridemur
1281 1551 1401 1614 corneis
1431 1550 1563 1624 duabus,
1600 1551 1726 1614 totidem
1756 1550 1884 1614 iridibus
1920 1560 1950 1614 ot

486 1657 618 1737 pupillis.
662 1655 792 1736 Utraque
813 1655 875 1718 oria
898 1663 1036 1733 apertura
1057 1655 1088 1716 in
1108 1655 1206 1718 media
1227 1663 1311 1734 parte
1333 1654 1397 1714 iare
1419 1652 1561 1728 conlinit,
1592 1655 1646 1716 sed
1671 1653 1809 1716 examine
1830 1669 1952 1715 accura·

487 1762 563 1824 tiore
585 1761 662 1821 lacto
687 1767 802 1839 septum
825 1758 1082 1820 membranaceum
1103 1758 1160 1820 boc
1182 1756 1248 1820 loco
1271 1756 1458 1835 detegimus,
1490 1773 1550 1836 quo
1579 1757 1721 1818 caritates
1744 1755 1950 1836 sejunguntur.

486 1865 567 1928 Bana
588 1863 749 1925 notandum
773 1863 804 1924 in
826 1872 952 1945 utroque
976 1863 1071 1945 capite
1094 1881 1196 1925 narem
1219 1862 1368 1924 internam
1392 1859 1569 1932 desiderari,
1592 1860 1733 1922 inrostro
1756 1859 1860 1921 dextro
1882 1876 1952 1920 ma-

485 1964 609 2027 xillae
651 1965 816 2028 directione
853 1967 987 2046 opposita
1019 1967 1295 2030 decussantur.
1351 1965 1386 2026 ln
1418 1973 1517 2026 rostro
1563 1963 1685 2026 sinistro
1726 1961 1953 2027 mandibula

484 2067 661 2147 proxime
683 2086 698 2128 a
719 2067 842 2131 media
864 2077 977 2148 parte
1000 2077 1060 2134 cst
1081 2069 1191 2146 lissa,
1210 2069 1348 2148 lingua
1380 2077 1508 2133 tamen
1540 2069 1696 2150 integra
1718 2077 1747 2131 ct
1767 2067 1951 2148 simplex.

485 2170 558 2232 alae
580 2179 611 2232 et
638 2169 731 2250 pedes
754 2172 914 2234 normales.

588 2269 646 2348 81)
690 2272 829 2335 Pullus
866 2273 1118 2352 gallinaceus
1141 2280 1224 2336 arte
1246 2271 1439 2336 mediocri
1463 2273 1681 2347 iniuratus,
1705 2273 1831 2356 capite
1855 2275 1953 2336 sim·

486 2372 592 2454 plice
623 2374 957 2439 extremitatibus
991 2376 1132 2440 omnibns
1165 2376 1395 2456 duplicatis.
1439 2375 1564 2438 Exstant
1594 2377 1673 2439 enim
1705 2377 1737 2438 io
1760 2377 1850 2439 dorso
1873 2395 1952 2458 pone

486 2475 548 2537 alas
570 2473 735 2538 ordinarias
757 2477 820 2538 alae
843 2479 920 2542 duae
942 2482 1111 2558 superfluae
1135 2487 1165 2542 el
1185 2479 1329 2560 uropygio
1349 2479 1490 2558 suspensi
1513 2479 1654 2542 videntur
1676 2479 1767 2560 pedes
1790 2479 1866 2550 duo,
1902 2479 1953 2560 qui

490 2599 609 2642 sursum
642 2589 672 2642 et
704 2589 870 2644 retrorsum
892 2593 962 2646 sunt
984 2583 1100 2646 directi.
1145 2583 1319 2663 Praeparati
1342 2582 1473 2645 conditio
1496 2601 1614 2644 omnem
1638 2590 1717 2644 vetat
1738 2583 1952 2645 accuratiorem

490 2682 732 2764 disquisitionem
754 2683 882 2765 ideoque
905 2704 941 2747 eo
964 2685 1081 2748 cautius
1105 2681 1141 2745 de
1163 2693 1268 2746 natura
1290 2685 1415 2746 monstri
1438 2683 1566 2763 duplicis
1585 2683 1780 2764 judicandum
1802 2693 1865 2757 est,
1894 2703 1952 2765 quo
2076 2755 2080 2764 Ι

487 2787 604 2850 lucilius
626 2787 690 2848 fieri
712 2795 811 2866 potest
833 2797 867 2848 ut
887 2787 989 2867 specie
1012 2779 1133 2850 externa
1156 2787 1351 2866 decipiamur.
1395 2785 1536 2849 Fortasse
1559 2785 1609 2848 bic
1629 2787 1730 2868 pullus
1749 2787 1810 2867 jam
1823 2785 1953 2868 pertinet

485 2891 523 2954 ad
545 2899 675 2953 monstra
697 2889 865 2968 parasitica.

752 3248 797 3324 B.
844 3237 996 3322 'uorsus
1023 3250 1136 3322 ovium
1163 3251 1355 3346 parasitica.
1389 3273 1463 3324 nro.
1487 3251 1691 3324 82-103.
1811 3341 1815 3350 Ι

588 3385 713 3450 Maxima
735 3403 804 3464 pars
827 3395 1029 3450 monstrorum
1052 3386 1228 3467 duplicium,
1251 3407 1327 3469 quaa
1348 3387 1385 3450 ad
1405 3389 1503 3452 avium
1524 3389 1653 3454 classem
1673 3391 1852 3470 pertinentia
1872 3410 1951 3456 nunc

486 3507 590 3552 sumus
609 3485 829 3560 enumeratum,
850 3497 1000 3552 constate
1023 3489 1165 3552 monstris
1187 3491 1432 3569 pygomelis,
1459 3492 1496 3554 do
1519 3493 1627 3574 quibus
1649 3512 1738 3572 supra
1762 3509 1872 3558 sermo·
1885 3495 1952 3558 luit.

486 3589 582 3671 liujus
604 3590 723 3670 generis
746 3597 878 3652 monstra
897 3589 1040 3656 babemus
1057 3593 1088 3654 in
1111 3591 1288 3656 collectione
1311 3604 1413 3658 nostra
1434 3596 1651 3674 undeviginti.⁴
1677 3595 1783 3660 lloltas
1805 3597 1859 3660 bas
1881 3617 1950 3662 arcs

487 3697 515 3760 si
543 3697 622 3758 inter
650 3715 683 3756 se
706 3695 889 3758 conserimus
920 3704 950 3757 et
973 3695 1108 3759 diversos
1128 3697 1322 3777 perfectionis
1344 3698 1454 3778 gradus
1476 3699 1501 3760 si
1525 3701 1714 3781 respicimus,
1738 3701 1774 3762 ad
1797 3721 1872 3784 quos
1896 3701 1952 3764 du·

487 3799 604 3879 plicitas
627 3807 795 3861 monstrosa
818 3798 849 3860 in
872 3798 910 3862 iia
933 3799 1112 3880 pervenerit,
1135 3807 1198 3862 tres
1221 3799 1291 3862 licet
1314 3801 1487 3864 discernere
1502 3803 1625 3882 gradus,
1649 3822 1825 3886 quamquam
1839 3803 1951 3869 sensim

487 3904 508 3965 ii
532 3911 686 3964 transeunt
708 3904 785 3964 alter
807 3903 839 3964 in
861 3903 999 3964 alterum.
1044 3903 1078 3964 ln
1109 3903 1211 3964 infimo
1233 3903 1328 3981 gradu
1349 3923 1403 3984 pes
1426 3905 1615 3968 accessorius
1637 3907 1744 3970 unicus
1765 3907 1950 3983 observatur,

487 4007 519 4068 iu
541 4005 645 4067 altiore
667 4007 760 4086 gradu
784 4006 855 4067 item
878 4023 956 4068 unus
979 4022 1031 4084 pes
1055 4013 1117 4080 est,
1139 4005 1189 4085 qui
1211 4025 1282 4066 vere
1305 4006 1410 4086 digitis
1433 4008 1637 4088 multiplicatis
1665 4029 1698 4072 se
1726 4011 1822 4090 ipsum
1853 4013 1952 4094 prodit

486 4119 625 4191 unquam
649 4112 865 4191 compositum
893 4109 925 4171 in
955 4127 1072 4170 summo
1107 4109 1200 4188 gradu
1229 4107 1323 4189 pedes
1345 4109 1403 4170 duo
1425 4111 1543 4186 adsunt,
1566 4109 1634 4191 plus
1655 4113 1792 4178 minusve
1814 4119 1951 4196 perlecti.

486 4213 584 4277 Intimi
608 4215 718 4290 gradus
744 4214 911 4296 exemplum
934 4215 1032 4277 laetus
1055 4215 1213 4278 anserinus
1237 4212 1375 4294 praebet:
1814 4207 1817 4214 ’

597 4313 654 4398 82)
679 4316 735 4378 llic
753 4318 886 4396 pullus
906 4319 1131 4393 anserinus,
1154 4337 1280 4400 quocum
1300 4316 1512 4396 pauxillum
1533 4315 1667 4378 vitelli
1689 4317 1721 4379 in
1743 4317 1952 4386 abdomine

487 4420 690 4494 cohaeret,
724 4417 812 4480 babet
844 4421 979 4501 pedem
1001 4422 1220 4486 tortiumin
1242 4421 1370 4494 dorso,
1392 4421 1455 4484 ossi
1479 4419 1562 4484 ilium
1597 4420 1722 4496 dextro,
1757 4422 1799 4484 uti
1822 4424 1947 4504 videtur,

488 4524 646 4586 insertum.
692 4520 882 4600 Compositus
905 4541 958 4604 pes
981 4535 1066 4588 este
1100 4545 1215 4588 crure
1238 4523 1293 4586 sub
1316 4531 1385 4586 cute
1403 4523 1533 4598 latente,
1569 4531 1678 4586 tarso
1711 4527 1857 4605 etpede
1880 4551 1950 4593 cx-

487 4638 628 4699 tremo,
652 4625 784 4688 tribus
818 4622 966 4703 digitis
989 4635 1019 4687 ct
1039 4627 1163 4688 totidem
1187 4623 1481 4708 ungulispracdito,
1520 4625 1629 4707 quibus
1661 4628 1831 4694 membrana
1856 4633 1950 4699 inter-

486 4728 563 4810 jecta
585 4725 737 4790 natatoria.
781 4725 856 4790 Num
878 4725 927 4790 hic
949 4745 1004 4808 pes
1026 4727 1205 4806 demersit,
1226 4737 1272 4794 'an
1295 4729 1432 4805 sinister,
1457 4749 1473 4793 e
1495 4729 1598 4811 specie
1619 4739 1738 4797 externa
1760 4753 1820 4798 non
1844 4739 1948 4820 liquet.

489 4831 591 4894 Anus
615 4831 788 4914 simplex.
