4716 5846
483 910 547 990 pita
578 913 642 974 onis
665 912 860 1004 semiadultae
888 925 923 975 cs
950 915 1151 978 accesssrirlm
1175 915 1213 976 ln·
1228 915 1357 978 sinistro
1374 915 1467 978 latere
1489 925 1520 977 et
1540 916 1674 996 proxime
1695 917 1734 979 ab
1753 930 1827 982 ausc
1847 919 1948 995 situm,

483 1015 562 1078 labio
592 1018 704 1080 inserti*
730 1027 800 1080 sunt
820 1019 926 1080 dentes
949 1019 1017 1082 duo.
1061 1017 1123 1081 Per
1142 1026 1317 1098 aperturam·
1333 1019 1406 1081 setis
1424 1029 1561 1098 magnam
1582 1019 1737 1099 specillum
1761 1021 1792 1082 in
1814 1023 1879 1084 cris
1900 1039 1950 1086 css

481 1121 604 1183 ritatem
629 1130 727 1201 potest
750 1123 909 1186 introduci.

587 1255 643 1332 70)
688 1259 800 1321 Ovem
835 1257 1004 1320 adultam
1037 1252 1135 1318 adbuc
1158 1256 1254 1317 rivam
1277 1257 1394 1328 alimus,
1418 1255 1448 1317 in
1473 1276 1590 1338 quaes
1613 1257 1802 1331 alterum,
1835 1279 1949 1340 prae-

483 1365 747 1436 ternaturale,
770 1361 840 1424 sub
863 1361 1001 1422 dextra
1024 1379 1117 1421 anre
1140 1359 1385 1433 collocatum,
1410 1361 1549 1424 dentibus
1566 1361 1682 1426 duobus
1703 1366 1869 1443 praeditum
1893 1369 1948 1428 est.

482 1463 617 1529 Moretur
639 1466 748 1528 labium
769 1465 968 1527 accessorium
993 1473 1060 1526 cum
1085 1464 1224 1526 dentibus
1242 1465 1319 1528 inter
1336 1467 1582 1542 masticationem,
1603 1485 1762 1548 numquam
1776 1488 1846 1530 vero
1860 1470 1948 1550 quid'·

485 1589 571 1650 quam
593 1569 705 1650 pabuli,
730 1569 807 1650 quod
830 1568 860 1628 in
882 1587 916 1628 os
941 1568 1060 1628 solitum
1084 1567 1285 1646 ingerebatur,
1309 1588 1344 1628 ex
1365 1568 1421 1630 bac
1443 1579 1579 1648 apertura
1603 1569 1730 1650 ejectum
1751 1589 1819 1631 esse
1842 1571 1947 1632 obser-

481 1674 625 1736 vavimus.
672 1675 757 1735 Otto
780 1690 831 1732 sex
852 1669 940 1749 hujus
961 1669 1159 1730 deformitatis
1182 1688 1269 1730 casus
1284 1669 1444 1748 descripsit
1463 1669 1597 1750 duosque
1618 1671 1754 1734 iconibus
1777 1671 1950 1747 illustrarit;

483 1777 562 1839 inter
584 1778 639 1838 bos
662 1777 744 1857 prior
767 1779 845 1854 (nro.
863 1774 940 1853 397)
966 1777 1029 1837 ovis
1053 1783 1114 1849 est,
1139 1776 1223 1856 cujus
1246 1773 1304 1836 filia
1328 1787 1408 1846 (nro.
1432 1771 1511 1855 398)
1536 1775 1640 1836 eodem
1664 1777 1734 1838 vitio
1754 1777 1857 1838 allecta
1882 1775 1947 1838 luit.

484 1881 554 1943 Oris
576 1889 687 1954 nostra,
708 1881 756 1942 cui
780 1899 846 1942 curn
869 1898 951 1940 marc
974 1880 1101 1942 coeundi
1121 1880 1243 1941 facultas
1261 1879 1336 1941 lacta
1355 1889 1428 1954 erat,
1450 1881 1507 1942 boc
1527 1899 1604 1941 anno
1625 1879 1719 1958 prolis
1736 1899 1819 1960 spem
1833 1879 1947 1941 fefellit.
1986 1889 1990 1898 ‘

1073 2173 1307 2184 -μ--ψ-...η-
1315 2171 1376 2180 ...-

664 2523 730 2616 lll.
793 2525 980 2618 Monstra
1011 2524 1196 2648 duplicia
1227 2524 1379 2615 avium.
1410 2544 1499 2614 nro.
1531 2533 1753 2615 71-103.

759 2785 807 2858 Α.
858 2783 1011 2860 Monslm
1038 2781 1184 2878 duplicia
1217 2781 1382 2876 aequalia.
1409 2805 1483 2855 nro.
1511 2783 1690 2856 'll—81.

478 3001 483 3008 ·
585 2985 640 3061 71)
685 2988 823 3052 Pullus
855 2989 1104 3067 gallinaceus
1139 3005 1220 3051 cum
1256 3005 1377 3049 sacco*
1403 2985 1621 3048 vitellario.
1666 2985 1775 3068 Caput,
1807 2989 1885 3069 quod
1908 2991 1945 3052 ad

481 3089 613 3170 speciem
637 3101 788 3154 externam
811 3095 934 3167 attinet,
969 3093 1099 3172 simplex·
1118 3105 1147 3154 et
1168 3092 1318 3165 necunde,
1351 3092 1444 3152 cranii
1478 3093 1575 3153 lumin
1597 3091 1729 3152 nondum
1761 3092 1946 3165 ossilrcalus3
1980 3165 1983 3170 Ι

482 3195 566 3273 spina
588 3195 790 3258 vertebrarum
814 3195 942 3275 duplex,
978 3197 1075 3257 trunci
1100 3196 1138 3256 ita
1162 3195 1280 3283 coeliti,
1314 3203 1344 3256 ul
1378 3213 1483 3256 saccus
1505 3195 1685 3266 vitellarius,
1708 3194 1827 3276 utrique
1851 3195 1943 3258 loetul

481 3297 658 3370 communis,
682 3317 717 3360 ex
741 3297 898 3360 abdomine
921 3298 1096 3378 dependeat.
1144 3298 1213 3360 Alae
1236 3306 1371 3378 quatuor,
1394 3295 1469 3360 duae
1492 3315 1568 3378 quac
1590 3298 1622 3358 in
1641 3297 1716 3359 lucie
1733 3299 1858 3360 monstri
1872 3299 1943 3360 dor-

481 3398 536 3460 sali
559 3407 682 3473 exstant,
705 3384 764 3462 sibi
787 3403 949 3482 proximae,
973 3402 1137 3464 anteriores
1162 3420 1234 3464 vero
1258 3400 1383 3462 multum
1407 3419 1422 3460 a
1446 3419 1479 3462 se
1499 3400 1627 3462 invicem
1646 3399 1801 3462 distantes.
1845 3399 1942 3464 Pedes

480 3502 550 3563 item
580 3509 706 3581 quatuor
737 3505 903 3578 normales,
938 3506 1102 3568 anteriores
1136 3505 1167 3566 in
1189 3506 1256 3568 loco
1279 3503 1385 3566 altiore
1407 3503 1524 3566 inserti.
1571 3503 1660 3565 Vetus
1682 3511 1886 3584 praeparatum
1911 3504 1942 3568 in

479 3623 525 3684 sp.
548 3623 575 3666 r.
598 3615 778 3669 asservatur.

583 3742 638 3820 72)
692 3745 830 3808 Pullus
866 3743 1117 3832 gallinaceus
1157 3746 1261 3808 alter
1291 3765 1307 3808 a
1340 3743 1584 3810 bleclrelio*l
1619 3745 1848 3825 descriptus
1879 3753 1944 3807 cst

478 3846 572 3925 Caput
589 3847 769 3911 bernicrania
792 3868 880 3931 quam
903 3851 1030 3915 maxime
1047 3852 1237 3930 depravatum
1261 3860 1323 3924 est,
1346 3853 1410 3913 alac
1431 3859 1558 3932 quatuor
1579 3849 1746 3921 normales,
1768 3849 1880 3927 pedum
1898 3867 1946 3910 m·
2023 3863 2027 3880 ·

478 3947 520 4008 tio
541 3968 556 4008 a
577 3951 679 4028 regula
703 3971 739 4013 eo
762 3953 945 4026 deflectitur,
967 3955 1045 4034 quod
1065 3955 1096 4015 in
1115 3965 1242 4036 utroque
1264 3955 1339 4032 pede
1361 3955 1465 4015 dextro
1488 3951 1872 4030 digitiqoinqoeadsoor,
1897 3952 1945 4014 di-

479 4051 540 4130 gilo
562 4054 746 4130 posteriore,
771 4057 821 4136 qui
845 4056 965 4117 brevior
987 4067 1049 4131 cst,
1076 4058 1235 4137 duplicato.
1277 4054 1665 4118 Columnae-vertebrarum
1688 4073 1783 4133 usque
1805 4055 1842 4114 ad
1863 4055 1948 4116 occi-

477 4159 533 4230 put
553 4152 721 4232 sejonctae;
746 4159 901 4220 vertebrae
923 4159 992 4220 colli
1017 4159 1113 4222 dextri
1130 4179 1182 4222 sex
1202 4157 1322 4221 circiter
1344 4159 1517 4237 superiores
1541 4158 1626 4236 spina
1645 4155 1733 4217 bilida
1755 4155 1893 4229 allectae,
1914 4156 1946 4219 in

478 4255 555 4318 collo
577 4257 700 4319 sinistro
722 4275 781 4321 non
804 4261 862 4323 nisi
880 4259 954 4322 atlas
976 4259 1065 4323 fissus
1088 4270 1143 4323 est.
1190 4259 1311 4324 cerebri
1335 4268 1365 4322 et
1385 4257 1581 4323 medullarum
1604 4253 1724 4319 residua
1754 4254 1873 4314 adsunt.

581 4386 636 4469 73)
680 4390 816 4456 Pullos
836 4400 1059 4462 anserinus
1082 4419 1163 4462 curn
1184 4399 1317 4478 capite
1338 4399 1529 4480 simplice,
1553 4395 1631 4478 qood
1655 4391 1770 4454 fornice
1787 4411 1944 4460 csseoue-

479 4511 536 4576 que
558 4505 655 4558 tamen
678 4497 841 4576 encepbalo
861 4510 951 4578 caret,
974 4501 1103 4563 rostri
1123 4511 1237 4581 parte
1261 4502 1474 4582 superiore
1494 4499 1682 4562 breviore
1706 4503 1736 4558 et
1759 4496 1944 4562 incurva·

478 4608 521 4659 ta.
566 4595 827 4682 lnter'utriusque
851 4601 981 4664 aviculas
1005 4611 1124 4664 ventres
1148 4602 1206 4663 sibi
1228 4602 1374 4666 obversos
1395 4601 1540 4684 reliquam
1563 4600 1640 4664 sacci
1665 4597 1803 4661 vitellarii
1825 4611 1938 4682 partem

475 4765 784 4782 Μῃ-

518 4865 545 4950 ‘l
590 4873 619 4931 L.
642 4891 664 4934 c.
686 4895 747 4954 pag.
769 4879 821 4941 llll.
864 4877 933 4936 Pulli
957 4875 1097 4952 gallinacei
1118 4881 1308 4956 monorepbali
1330 4879 1486 4955 bicorporei
1505 4881 1613 4940 leminsi
1642 4873 1744 4938 lubrica
1765 4877 1840 4936 baec.
