4716 5846
520 927 734 1026 'physiologo
759 925 1000 1016 illustrissimo,
1026 947 1159 998 mecum
1187 930 1455 1000 communicatus
1478 936 1541 1001 est
1596 927 1728 1003 Pariter
1741 933 1849 1004 anatis
1862 952 1992 1003 exem-

520 1065 618 1161 plum
654 1063 753 1136 offert
785 1072 820 1134 ot
845 1061 955 1159 caput'
971 1070 1024 1134 est
1048 1059 1226 1151 aviculae,
1258 1062 1437 1134 semestris
1462 1065 1619 1155 circiter,
1647 1065 1737 1159 quod
1764 1067 1991 1140 veterinariae

530 1201 675 1296 qnidam,
702 1198 860 1295 Beyse,
885 1200 1007 1294 praxin
1033 1199 1068 1267 iu
1094 1196 1300 1268 Pomemnia
1323 1197 1478 1268 orientali
1507 1198 1691 1295 (Treptow
1715 1193 1809 1297 alli.)
1834 1200 1992 1274 lectitans

528 1360 615 1411 anuo
647 1335 744 1408 1834
780 1333 977 1423 Gurltio,
1011 1335 1226 1428 praeceptori
1261 1332 1427 1428 quondam
1455 1355 1518 1408 suo
1545 1337 1653 1426 misit,
1681 1356 1757 1407 cum
1783 1333 1849 1407 sibi
1875 1339 1991 1410 cond-

465 1569 466 1579 ἵ
527 1479 637 1568 gisset
662 1471 750 1546 bunc
776 1481 907 1569 partem
934 1468 1087 1542 animalis
1114 1471 1248 1540 mactati
1262 1467 1304 1541 ab
1330 1472 1421 1562 ignis
1445 1468 1600 1564 periculo
1625 1491 1782 1562 servare,
1806 1470 1896 1565 quod
1917 1473 1989 1562 jam

527 1613 562 1682 in
598 1610 678 1682 ioco
711 1606 844 1678 culinae
878 1608 924 1676 uti
960 1604 1033 1678 beri
1061 1603 1150 1676 solet
1174 1602 1397 1698 plumularum
1421 1603 1674 1677 ustulaudamm
1701 1627 1826 1698 causa,
1863 1605 1988 1680 obibat.

527 1745 595 1817 Pes
631 1746 846 1816 accessorius
880 1745 1028 1836 itemque
1064 1738 1107 1810 ad
1141 1737 1236 1811 basin
1268 1737 1489 1834 plumularum
1523 1744 1626 1814 crista
1653 1751 1726 1815 erat
1751 1743 1990 1837 circumdatus,

527 1901 671 1973 eumque
696 1882 730 1951 in
756 1883 856 1974 apice
890 1899 1006 1970 ungue
1036 1880 1233 1948 instructum
1267 1885 1302 1946 et
1327 1874 1369 1946 ab
1396 1883 1539 1969 utroque
1565 1875 1675 1949 latere
1701 1878 1898 1952 membrana
1924 1900 1988 1952 ue·

528 2017 648 2088 tatoria
676 2015 861 2110 praeditum
887 2013 997 2084 fuisse
1020 2011 1171 2100 uadum,
1198 2031 1285 2104 quae
1314 2032 1380 2104 quo
1408 2015 1518 2106 magis
1544 2014 1620 2084 avis
1648 2011 1839 2086 adoleverit
1859 2017 1987 2087 senum

527 2154 721 2246 sensimque
747 2149 826 2222 tabe
852 2123 1028 2222 consumta
1053 2169 1132 2218 esse
1154 2146 1313 2219 refertur.
1365 2146 1468 2220 Pcdis
1483 2150 1588 2244 ipsius
1613 2147 1836 2222 rudimentum
1863 2173 1910 2224 ex
1931 2151 1989 2224 la-

527 2290 615 2358 mina
644 2296 796 2378 constat,
821 2285 979 2382 pollicem
1007 2287 1145 2356 circiter
1169 2285 1294 2376 longa,
1320 2282 1445 2378 ubique
1470 2283 1546 2355 iere
1572 2292 1644 2356 tres
1669 2285 1777 2358 lineas
1803 2287 1889 2378 lata,
1923 2311 1989 2360 sn-

524 2445 632 2519 perne
664 2421 847 2518 paullulum
884 2443 1065 2511 convexa,
1102 2421 1236 2493 inlerne
1269 2441 1425 2493 concava
1461 2429 1497 2491 et
1529 2418 1715 2492 secundum
1743 2421 1987 2515 longitudinem

525 2560 655 2632 duobus
688 2560 792 2634 sulcis
825 2562 1007 2649 instructa,
1044 2559 1080 2628 in
1112 2559 1267 2648 margine
1301 2553 1410 2628 libero
1442 2559 1635 2650 posteriore
1665 2557 1772 2631 tribus
1804 2557 1989 2632 tuberculis

524 2699 712 2768 terminata.
764 2694 861 2766 Haec
886 2693 1009 2765 lamina
1038 2691 1183 2764 obducta
1210 2702 1266 2764 est
1289 2695 1520 2784 integumento
1548 2694 1646 2787 quale
1670 2697 1707 2768 iu
1730 2694 1853 2768 avibus
1878 2715 1988 2792 repe·

524 2833 609 2902 ritur
638 2831 787 2922 squamis
819 2831 955 2901 corneis
989 2826 1213 2900 conformato.
1266 2828 1427 2921 Sequitur
1451 2827 1609 2900 laminam
1636 2829 1820 2902 ossiculum
1846 2851 1988 2905 curvum
2041 2893 2048 2905 s

525 2960 802 3054 semicirculare,
837 2963 927 3057 quod
963 2963 1045 3034 tarsi
1077 2959 1190 3033 locum
1224 2973 1370 3059 occupat
1402 2971 1437 3035 et
1473 2983 1548 3034 eum
1569 2965 1658 3060 pede
1683 2965 1775 3038 nulla
1800 2965 1987 3040 mobilitate

525 3099 663 3194 gaudet.
716 3098 825 3190 Hujus
849 3102 939 3170 ossis
970 3097 1144 3192 longitudo
1172 3098 1232 3169 3⁰¹
1261 3109 1375 3174 estet
1401 3119 1478 3172 cum
1507 3101 1632 3174 nudum
1659 3112 1822 3200 appareat
1845 3106 1988 3196 integu-

524 3247 640 3309 mento
667 3256 795 3308 comeo
822 3233 974 3306 orbatum
1001 3254 1082 3306 esse
1107 3239 1280 3327 conjicere
1306 3235 1397 3309 licet.
1450 3237 1489 3312 ln
1514 3237 1622 3310 altero
1648 3241 1989 3314 ossisextremuos-

523 3371 667 3446 siculum
694 3393 900 3470 perparvum
926 3379 1052 3464 exstet,
1078 3370 1283 3462 orbiculare,
1310 3371 1399 3468 quod
1423 3373 1579 3448 foramini
1606 3375 1751 3448 rotundo
1777 3380 1812 3448 in
1840 3379 1987 3474 occipite

520 3509 671 3600 insidet,
705 3509 729 3578 4
773 3509 913 3580 circiter
946 3506 1057 3583 lineos
1090 3531 1191 3608 supra
1225 3507 1381 3584 foramen
1414 3515 1570 3609 accipitis
1607 3532 1764 3606 magnum
1796 3515 1873 3588 sito.
1931 3511 1988 3586 Ex

454 3733 459 3756 Ι
524 3645 675 3721 calvarie
717 3655 833 3742 aperta
873 3645 1030 3741 quoniam
1067 3647 1245 3720 cerebrum
1276 3647 1349 3744 jam
1384 3659 1483 3722 antee
1516 3648 1660 3722 ablatum
1690 3649 1772 3740 luit,
1815 3652 1987 3722 nescimus

525 3805 690 3876 quaenam
718 3785 791 3875 ejus
821 3793 987 3855 structura
1013 3781 1124 3855 luerit.
1176 3783 1367 3858 Notandum
1393 3795 1508 3858 tamen
1545 3795 1598 3858 ast
1630 3784 1672 3857 ab
1700 3782 1871 3870 ossiculo,
1897 3780 1987 3875 quod

525 3915 678 3991 foramen
704 3920 828 3992 dictum
855 3919 1052 4008 obturabat,
1078 3922 1315 4014 corpusculum
1342 3921 1510 4014 quoddam
1537 3925 1647 4010 exire,
1676 3916 1875 4008 oblongum,
1903 3937 1988 3988 cor·

527 4049 683 4139 diiorme,
706 4055 841 4126 cerebri
866 4053 1084 4150 receptaculo
1105 4052 1285 4124 inclusum.
1337 4053 1414 4125 Hoc
1431 4055 1666 4149 corpusculum
1682 4073 1750 4123 uou
1765 4049 1854 4122 adeo
1870 4049 1987 4142 molle,

524 4189 629 4257 immo
655 4207 741 4258 vero
769 4188 944 4261 clasticum
971 4199 1005 4260 ct
1030 4187 1121 4261 llavo
1147 4189 1264 4261 colore
1292 4198 1357 4278 est,
1376 4190 1411 4258 in
1435 4187 1546 4260 media
1575 4185 1647 4258 basi
1679 4189 1842 4277 incisum,
1875 4207 1987 4259 asu·

525 4326 663 4418 periore
696 4322 803 4393 latere
836 4323 878 4392 ad
905 4324 1047 4397 interius
1074 4323 1284 4422 depressum.
1337 4322 1407 4396 Vix
1433 4323 1647 4398 dubitandum
1683 4323 1762 4418 quin
1796 4345 1873 4394 cum
1907 4344 1987 4396 me-

524 4457 684 4551 ningibus
711 4457 844 4550 etipsa
871 4457 1060 4551 enccpbalo
1084 4465 1252 4534 rationem
1277 4461 1443 4555 quandam
1468 4460 1635 4534 babuerit.

629 4590 946 4689 Cephalomelorum
981 4601 1122 4686 quatuor
1157 4619 1257 4671 uasus
1292 4618 1393 4693 supra
1430 4598 1591 4694 descripti
1623 4601 1658 4670 iu
1685 4594 1806 4669 eadem
1833 4597 1986 4689 ejusdem

524 4731 663 4823 generis
696 4731 814 4825 specie
850 4725 1023 4801 observati
1057 4739 1134 4802 sunt
1168 4731 1272 4805 etde
1304 4731 1411 4806 tribus
1438 4743 1571 4807 constat
1596 4751 1683 4806 aves
1711 4731 1838 4806 adultas
1862 4731 1986 4822 fuisse,

522 4887 608 4937 anes
643 4876 758 4960 quarta
790 4868 965 4939 semestris
998 4875 1144 4940 mactata
1177 4874 1240 4939 est.
1292 4867 1367 4941 Hac
1399 4871 1502 4963 igitur
1537 4868 1750 4942 deformitate
1777 4867 1888 4944 laetus
1915 4870 1986 4942 vitu
