4716 5846
1238 646 1287 736 14

631 863 697 938 llic
721 883 821 936 cacus
846 859 970 957 pedum
996 861 1269 934 accomodarum
1291 856 1562 936 haulectimime
1587 859 1735 936 caeam
1761 869 1899 958 praeter
1922 884 1992 958 pc·

535 999 597 1072 des
630 1001 819 1072 anteriores
854 991 1043 1090 duplicatos
1075 993 1182 1068 altera
1205 991 1443 1088 duplicationia
1471 995 1594 1090 signa,
1620 1017 1708 1090 qnae
1732 1019 1776 1072 eo
1804 1007 1882 1072 sunt
1905 1019 1992 1090 gru·

530 1138 627 1208 viora
654 1157 755 1230 quum
779 1131 824 1206 ad
849 1134 980 1227 spinam
1006 1129 1099 1204 dorsi
1125 1138 1295 1226 spectent,
1320 1128 1356 1202 id
1383 1138 1437 1202 cst
1462 1151 1540 1204 cam
1559 1139 1704 1227 penam,
1731 1153 1818 1226 quae
1845 1135 1880 1206 iu
1898 1153 1993 1206 evu-

308 1253 317 1262 ’
456 1241 467 1255 ’
534 1270 662 1343 latione
694 1269 736 1341 ad
761 1271 938 1364 primarias
965 1271 1123 1364 pertinet.
1174 1265 1241 1340 Vel
1268 1266 1356 1340 adeo
1383 1289 1429 1339 ex
1454 1266 1569 1354 modo,
1597 1289 1663 1361 quo
1690 1268 1795 1341 altera
1820 1271 1898 1342 sive
1923 1269 1992 1342 ab·

491 1460 493 1466 .
526 1410 637 1482 ortiva
663 1403 897 1479 vertebrarum
924 1407 1034 1478 sanies
1059 1407 1093 1476 in
1121 1408 1290 1476 anteriore
1314 1399 1383 1474 iiiuc
1405 1423 1446 1474 se
1472 1401 1587 1490 hebet,
1608 1415 1807 1498 persuasum
1826 1401 1907 1476 mibi
1935 1411 1988 1475 est

392 1619 396 1625 ,
528 1546 563 1615 in
596 1544 703 1636 prima
736 1538 942 1612 evolationis
973 1541 1117 1636 periodo
1150 1539 1291 1612 Quam
1325 1536 1425 1612 amul
1455 1546 1556 1633 caput
1591 1539 1761 1628 adfuisse,
1799 1538 1866 1612 boc
1900 1557 1988 1612 vero

525 1680 625 1774 paulo
650 1686 727 1772 post
747 1677 911 1772 perditum
948 1697 1041 1750 csse.
1092 1677 1177 1750 Natu
1203 1675 1333 1748 similes
1367 1660 1468 1750 casua
1506 1674 1707 1750 Gurlti'ua
1734 1674 1916 1770 descripsit
1957 1682 1992 1746 ct

528 1810 763 1908 depingendus
794 1815 926 1884 curavit
959 1818 995 1886 in
1029 1813 1203 1888 annalibus
1241 1817 1457 1888 veterinariis
1493 1815 1671 1908 (Magazin
1704 1812 1758 1883 liir
1793 1811 1991 1884 ‘l’lrierheil-

529 1947 642 2050 kunde
670 1948 734 2020 Bd.
750 1946 827 2020 XV.
851 1947 873 2018 2
900 1947 982 2020 Tab.
1009 1948 1084 2040 lt),
1111 1949 1168 2021 ubl
1195 1947 1431 2022 vertebrarum
1458 1949 1616 2022 columna
1643 1947 1770 2044 duplex
1796 1947 1905 2038 adest,
1935 1946 1991 2018 el·-

529 2085 640 2158 tenrru'
668 2093 769 2179 caput
798 2082 1022 2156 desideratur.
1291 2083 1303 2104 “

627 2219 777 2294 Maxime
803 2222 922 2292 mirum
948 2219 1016 2292 lrcc
1041 2227 1227 2290 monstrum
1255 2220 1414 2312 agninum
1429 2225 1481 2290 est
1498 2225 1639 2312 propter
1665 2217 1776 2304 situm,
1805 2237 1904 2309 quem
1922 2239 1993 2312 pe·-

527 2355 588 2428 des
614 2357 800 2429 arcesserit
827 2355 1026 2447 ostendunt,
1054 2377 1170 2428 eorum
1194 2363 1394 2428 structuram
1419 2351 1610 2449 perlectam
1636 2359 1670 2422 et
1693 2360 1875 2449 propterea
1903 2353 1993 2447 qnod

526 2492 633 2586 pedes
657 2494 746 2563 iuter
770 2513 811 2564 sa
835 2513 905 2566 non
925 2501 1003 2564 sunt
1030 2494 1180 2582 connati,
1204 2490 1286 2562 licat
1311 2489 1471 2586 scapulae
1495 2487 1614 2583 jacent
1635 2487 1744 2561 altera
1768 2493 1924 2585 proxime
1948 2490 1992 2563 ad

529 2629 681 2702 alteram.
735 2629 774 2700 ln
800 2631 1087 2700 commentatione
1114 2631 1229 2722 priore
1251 2627 1483 2700 demonstravi
1510 2626 1607 2721 (pag.
1629 2624 1710 2713 20.)
1736 2624 1906 2721 quemodo
1923 2625 1992 2718 fiat,

528 2765 625 2833 utin
652 2761 845 2856 diprosnpis
870 2771 1011 2854 unaque
1038 2763 1134 2855 spina
1161 2759 1306 2832 dorsalia
1331 2762 1367 2832 iu
1393 2780 1492 2830 unam
1521 2757 1698 2832 coalescat
1723 2781 1835 2854 neque
1852 2758 1991 2833 brachia

528 2921 595 2972 aec
619 2899 727 2994 pedes
752 2896 795 2970 ad
820 2901 939 2993 apinae
966 2900 1138 2993 utriusque
1166 2898 1463 2989 tetrametrum,
1488 2898 1523 2968 iu
1550 2917 1617 2991 quo
1643 2895 1698 2967 bic
1726 2895 1869 2969 coalitus
1895 2895 1992 2970 obti-

529 3040 598 3123 net,
626 3035 706 3105 oriri
733 3037 876 3128 possint.
928 3036 1007 3107 Alio
1033 3036 1113 3109 loco
1141 3040 1240 3131 (pag.
1257 3032 1318 3121 30,
1335 3032 1414 3124 31.)
1441 3034 1617 3129 explicare
1645 3043 1787 3106 conatus
1812 3056 1886 3111 sum
1912 3039 1993 3131 qui-

482 3145 485 3152 *
528 3167 589 3240 laus
607 3189 652 3240 ex
679 3171 791 3240 causis
817 3167 955 3242 brachia
981 3175 1056 3242 sive
1081 3170 1189 3267 pedes
1214 3169 1279 3243 sibi
1305 3168 1445 3242 obversi
1474 3169 1729 3260 conjungantur.
1784 3166 1882 3243 cont.
1909 3171 1991 3244 ibid.

527 3303 702 3376 historiam
729 3307 808 3396 agni
834 3304 1029 3400 bicorporei
1052 3328 1071 3375 a
1097 3303 1325 3376 Meclaelic
1354 3303 1534 3396 descripti3
1561 3323 1663 3396 porro
1684 3323 1763 3397 pag.
1786 3301 1848 3374 34.
1875 3305 1993 3377 inlau-

527 3445 580 3508 tes
606 3461 627 3507 a
653 3436 906 3528 Brennum,
931 3436 1181 3528 machelin,
1209 3436 1538 3527 tredemunde,
1566 3437 1801 3514 Barkcvio
1829 3449 1897 3514 etc.
1926 3439 1993 3514 de-

526 3577 650 3670 pictae,
676 3577 732 3669 qui
759 3573 973 3670 symbraclu'a
1002 3584 1099 3646 eraut
1119 3577 1282 3668 insigues.
1336 3572 1421 3646 Nam
1449 3575 1483 3646 in
1511 3573 1562 3644 luis
1588 3597 1697 3670 aeque
1724 3599 1767 3649 ac
1786 3579 1821 3648 in
1839 3587 1990 3650 monstro

526 3710 810 3785 Walterianc
843 3713 976 3809 tripode
1011 3717 1108 3810 (pag.
1138 3711 1218 3802 33.)
1252 3715 1397 3788 laminae
1430 3712 1662 3787 abdominales
1697 3715 1775 3785 sive
1801 3710 1990 3786 viscerales

529 3845 605 3938 plns
628 3852 737 3922 miuus
765 3857 861 3922 crant
887 3849 1048 3922 evolutae
1075 3859 1174 3944 atque
1201 3873 1267 3921 una
1294 3873 1370 3922 cnm
1397 3853 1439 3921 iis
1467 3849 1645 3923 exstabant
1665 3849 1853 3920 rudimenta
1870 3856 1991 3919 extre-

527 3981 675 4054 mitatum
709 3998 765 4058 aut
795 3992 1007 4084 superiorum
1038 3996 1094 4058 aut
1120 3987 1338 4076 inferiorum,
1366 4009 1453 4081 quaa
1479 3997 1592 4060 amen
1618 3995 1757 4082 propter
1781 3983 1990 4054 vicinitatem

529 4119 665 4190 nimiam
690 4123 897 4215 conjungere
925 4144 965 4195 se
993 4121 1162 4196 debebant
1187 4121 1247 4195 vel
1272 4121 1316 4194 ao
1343 4121 1436 4214 leco,
1462 4123 1518 4196 ubi
1545 4145 1591 4195 ex
1618 4122 1669 4220 luis
1687 4119 1819 4193 laminis
1836 4129 1990 4211 surgunt,

532 4251 565 4323 id
600 4259 654 4324 eat
687 4255 722 4323 iu
746 4259 888 4345 regione
915 4257 1085 4356 scapulari
1112 4269 1146 4332 et
1171 4259 1328 4355 pelvina,
1353 4259 1413 4333 vel
1438 4282 1501 4355 per
1525 4268 1630 4332 totam
1658 4254 1923 4348 longitudinem,
1956 4265 1992 4330 ut

530 4407 614 4460 vera
650 4387 776 4462 exinde
807 4391 1025 4483 symbrachia
1056 4397 1134 4468 sive
1169 4396 1350 4492 sympodia
1377 4401 1537 4472 oriantur.
1589 4395 1629 4466 ln
1665 4415 1755 4486 agno
1780 4403 1898 4468 nostro
1925 4415 1990 4470 aex

528 4521 669 4619 pedibus
705 4527 868 4595 instructo
907 4525 1140 4598 evolutionem
1165 4531 1361 4604 laminarum
1389 4527 1648 4604 abdomiualium
1677 4551 1806 4622 earum,
1833 4553 1920 4627 quae
1947 4533 1988 4604 ab

530 4666 671 4754 utroque
699 4659 886 4755 embrvoue
901 4659 977 4746 ¹sibi
1004 4659 1173 4735 obversae
1200 4677 1307 4758 erant,
1333 4669 1568 4762 maximopere
1590 4663 1784 4762 impeditam
1809 4666 1916 4742 fuisse
1941 4689 1988 4740 ex

531 4796 648 4889 spinae
674 4793 879 4891 duplicitate,
907 4796 972 4868 etsi
999 4795 1199 4888 imperfecta
1226 4802 1456 4893 cognoscitur.
1509 4801 1670 4874 Attamen
1687 4812 1857 4878 costarum
1875 4804 1986 4874 dextri
