4716 5846
1111 747 1160 836 li

400 927 568 1024 aaronem
584 957 791 1040 mensori).
811 958 982 1039 Synetua
1002 960 1331 1037 semiunciarum,
1355 979 1428 1043 quas
1445 958 1627 1041 Geoilroy
1646 959 1860 1024 Stiiilsira

400 1061 566 1144 proposuit,
586 1043 743 1137 orrlioana3
764 1063 1001 1144 bemireplurliae
1023 1068 1150 1128 musitae
1171 1065 1330 1128 obnoxius.

501 1181 539 1258 b)
583 1180 766 1246 Seeielou
789 1181 1007 1262 puellarum
1035 1183 1180 1247 aetatis
1209 1185 1324 1264 paulo
1354 1182 1644 1265 provectioris.
1667 1201 1791 1264 quarum
1814 1183 1859 1246 ia·

399 1280 481 1346 brice
503 1283 591 1364 piane
611 1282 713 1351 sedern
736 1294 782 1359 est
810 1293 897 1365 atque
918 1285 1005 1364 cujus
1026 1285 1057 1350 iu
1079 1295 1206 1352 numero
1227 1287 1336 1352 abbioo
1357 1286 1493 1370 proximo
1514 1285 1693 1352 mentionem
1720 1287 1857 1360 iocinore,

400 1393 527 1465 aseepto
548 1383 642 1446 crouii
666 1384 781 1451 fornice
801 1385 917 1465 integro
939 1398 967 1448 et
991 1397 1113 1466 propter
1134 1389 1264 1468 capitum
1282 1389 1433 1454 lusionem
1454 1389 1639 1467 amplissimo
1663 1387 1859 1451 etlotissimo.

400 1483 566 1564 Chirurgus
594 1484 732 1564 quidam.
763 1489 883 1552 oomirre
906 1489 1167 1562 [latebrantes
1189 1490 1382 1556 lleobelio
1404 1509 1442 1556 ox
1463 1491 1574 1572 oppilo
1596 1489 1781 1554 Sebaoisterit
1802 1487 1859 1554 mi·

398 1587 453 1654 sil.
496 1588 591 1650 Osse
613 1588 820 1660 frontalia.
852 1591 1012 1672 quaein
1036 1592 1136 1656 iacis
1165 1593 1309 1672 capitis
1338 1593 1490 1674 jecerit,
1522 1593 1685 1655 auribus
1720 1609 1859 1662 super·

401 1689 499 1754 iluis
520 1691 718 1770 praedita,
741 1694 843 1758 inter
864 1713 906 1758 se
928 1704 1110 1758 concreta
1132 1713 1176 1758 oe
1198 1696 1432 1781 triquetrum
1461 1696 1649 1760 referunt
1675 1695 1719 1758 ab
1749 1705 1860 1758 utro·

401 1812 474 1874 que
494 1793 624 1858 latere
645 1813 726 1859 curo
749 1813 840 1858 osae
864 1794 1077 1874 bregmotia
1100 1795 1359 1878 coniunctum.

505 1930 541 2007 7)
584 1931 1022 2011 bltorom'poeliarnm
1059 1941 1317 1996 oonnatarum
1346 1932 1541 1996 sceletum
1574 1933 1664 1996 buie
1694 1931 1861 1994 similli-

400 2051 504 2098 mum.
548 2035 660 2115 Capitis
683 2035 777 2097 forma
798 2053 869 2097 vero
892 2036 941 2098 bic
964 2037 1059 2116 magis
1081 2037 1203 2116 globosa
1226 2045 1291 2109 est,
1321 2037 1431 2099 desunt
1455 2038 1534 2100 enirn
1556 2055 1645 2100 ossa
1667 2035 1860 2096 frontalia

387 2139 647 2220 posteriora,
683 2155 812 2201 eorum
847 2138 934 2200 ioco
967 2138 1291 2218 ossaparietalia
1325 2137 1489 2210 coalita,
1519 2136 1860 2220 qrradrangularia

400 2239 552 2303 ausone
596 2239 671 2301 llssa
700 2238 852 2318 parietalia
876 2239 1023 2316 legitima,
1054 2257 1131 2318 quae
1151 2239 1242 2300 solito
1261 2255 1345 2302 more
1373 2257 1440 2302 com
1463 2240 1570 2302 ironiis
1592 2239 1713 2301 ossibus
1735 2239 1860 2319 conjun-

400 2353 447 2407 cta
469 2351 553 2415 sunt,
577 2342 657 2403 etin
676 2339 845 2421 posteriore
870 2339 1002 2420 margine
1025 2357 1093 2401 cum
1115 2340 1237 2402 ossibus
1259 2339 1453 2420 perietelibus
1476 2343 1643 2422 conjunctis
1667 2350 1698 2402 et
1721 2341 1751 2402 in
1774 2347 1859 2403 sutu-

400 2465 453 2511 rae
476 2443 621 2526 sagittatis
643 2444 767 2522 regione
788 2441 867 2505 inter
885 2459 919 2504 se
936 2442 1096 2503 commissa
1120 2449 1198 2504 sunt.
1225 2441 1435 2516 bononorum,
1459 2461 1535 2524 queo
1555 2445 1656 2506 eodem
1679 2445 1743 2505 iere
1761 2451 1859 2506 aetate

401 2555 489 2620 suot.
519 2546 577 2608 sub
596 2545 670 2608 nris.
694 2544 723 2607 li.
743 2554 773 2607 et
795 2543 824 2607 7.
850 2545 1071 2625 descriptorum
1094 2545 1171 2608 cutis
1194 2544 1318 2608 infarcio
1340 2545 1430 2608 simul
1452 2546 1547 2610 adest

502 2681 538 2761 Θ)
583 2680 779 2744 Gemellae
800 2689 974 2745 maturae
995 2683 1195 2763 capitibus
1225 2692 1263 2746 et
1284 2685 1523 2765 pectoribus
1546 2691 1754 2758 cannatae,
1785 2703 1860 2766 quse

402 2785 585 2868 Synoturn
608 2783 758 2846 exhibent.
803 2786 890 2860 Quoi
909 2787 946 2848 ad
969 2787 1076 2866 capitis
1096 2789 1222 2849 iormam
1243 2788 1365 2864 attinet,
1390 2807 1476 2872 quana
1497 2788 1623 2850 monime
1648 2805 1717 2850 cum
1738 2805 1804 2852 nro.
1825 2788 1858 2850 b.

401 2896 617 2968 congruentem
630 2887 778 2950 invenies.
810 2887 944 2968 Gaputsi
965 2907 981 2950 a
1005 2891 1162 2969 superiore
1177 2892 1390 2971 contempleris
1412 2893 1591 2972 triangulare
1604 2899 1666 2964 est3
1689 2891 1858 2955 alterius

401 2991 519 3054 ieeiei
542 2991 627 3052 ioco
648 3007 762 3052 aures
784 2991 992 3070 contiguae
1014 3011 1095 3056 cum
1117 3003 1309 3074 opertere
1331 2995 1506 3076 simplici
1529 3006 1566 3058 et
1595 2993 1733 3074 exiguo
1755 2994 1860 3076 obser·

401 3103 523 3166 rantur,
551 3107 626 3174 quse
653 3092 765 3155 aditum
785 3093 823 3154 ad
840 3113 944 3157 aurern
962 3095 1109 3159 internum
1134 3099 1230 3160 offert.
1275 3100 1338 3162 iioc
1356 3108 1539 3174 monstrum,
1567 3097 1600 3160 in
1622 3113 1667 3177 sp.
1688 3113 1715 3159 r.
1743 3095 1860 3160 immis·
1921 3159 1926 3174 ,

415 3264 725 3277 ..---—--

444 3365 473 3448 *ι
496 3371 525 3430 L.
552 3387 576 3428 c.
605 3371 655 3430 uu.
699 3371 788 3430 Cranii
823 3381 924 3432 tectum
953 3371 1099 3444 delicians,
1129 3373 1279 3432 substantia
1305 3373 1422 3448 lungosa
1446 3373 1525 3450 nigra
1545 3371 1652 3434 cerebri
1674 3372 1752 3442 loco,
1773 3372 1860 3447 peris·

486 3472 605 3530 ctissime
628 3471 830 3546 hemicapbalia
873 3473 946 3532 Loco
969 3475 1051 3532 solito
1072 3492 1154 3556 sures
1176 3477 1524 3546 duaenornibilminores,
1545 3493 1736 3550 compressam
1756 3476 1784 3534 io
1805 3493 1859 3536 me·

486 3573 636 3646 dispertio
658 3575 819 3648 posterioris
840 3575 957 3634 ambitus
979 3577 1074 3652 capitis
1097 3595 1146 3654 par
1168 3579 1283 3640 alterum
1307 3581 1443 3652 normale,
1466 3581 1568 3654 majus,
1590 3581 1758 3656 marginibus
1779 3583 1859 3640 icter-

488 3677 531 3734 nis
553 3675 694 3734 confluens
712 3678 739 3734 io
762 3688 879 3738 meatum
899 3679 1063 3741 auditorium
1085 3683 1213 3750 medium,
1233 3701 1413 3742 communem.
1456 3683 1546 3758 Supra
1567 3682 1638 3741 idem
1662 3684 1790 3758 papillula
1812 3685 1860 3744 du·

489 3779 551 3852 pies
563 3779 625 3853 pilis
648 3779 776 3840 breuibus
798 3790 877 3854 tecta,
898 3790 945 3840 aut
962 3784 1068 3844 narium
1088 3794 1136 3842 sut
1155 3783 1298 3846 oculorum
1319 3787 1458 3846 indicium.
1500 3785 1687 3848 Extremitrtes
1702 3789 1860 3860 superiores

489 3884 690 3958 interioresque
718 3894 852 3959 quatuor,
883 3884 1010 3944 omnibus
1032 3881 1154 3944 numeria
1176 3887 1326 3948 absolutae.
1370 3889 1400 3944 lo
1422 3887 1523 3948 sceleto
1547 3897 1661 3948 truncus
1681 3899 1796 3966 uterque
1826 3891 1861 3952 ed

488 3997 677 4072 capulosque
699 3988 810 4046 omnino
831 3987 977 4061 perlectus,
1000 3987 1034 4046 ab
1056 3989 1142 4047 altero
1163 4001 1313 4066 separatus.
1356 3991 1505 4052 Columnae
1525 3990 1690 4053 vertebrrler
1711 4001 1860 4070 pertulum

490 4090 550 4162 ejus
571 4096 686 4146 tractum
708 4088 829 4148 faciebus
851 4091 1033 4148 anterioribus
1057 4109 1118 4150 sese
1140 4094 1326 4168 respicientes.
1370 4092 1471 4170 bupiex
1487 4103 1624 4152 costarum
1635 4099 1730 4166 series,
1753 4098 1861 4155 itacum

487 4192 586 4264 sternis
609 4191 679 4248 binis
700 4192 984 4266 perpendicularem,
1012 4194 1098 4252 altero
1121 4196 1273 4268 anteriore,
1301 4197 1421 4270 majore,
1449 4198 1534 4256 altero
1558 4200 1725 4274 posteriore,
1755 4200 1861 4260 minore

391 4369 396 4376 Ι
490 4296 675 4366 confluentes,
706 4306 735 4354 ut
767 4297 875 4370 utrique
903 4305 996 4356 aterno
1026 4297 1119 4356 dextra
1141 4309 1167 4356 et
1191 4301 1300 4358 sinistra
1322 4301 1440 4376 oppositi
1463 4303 1588 4374 corporis
1610 4303 1695 4360 series
1716 4302 1859 4361 inseratur.

489 4401 588 4474 Capitis
610 4399 740 4473 simplicis
763 4397 872 4455 ossibus
894 4399 1063 4456 normalibus
1085 4418 1100 4458 a
1128 4402 1326 4477 posterioribus
1350 4403 1454 4477 adjecta
1473 4404 1533 4474 alia,
1557 4405 1651 4480 capitis
1672 4407 1786 4462 secrrurli
1817 4423 1860 4464 ru·

492 4501 639 4560 elimentum
662 4502 860 4570 constituentia,
883 4501 954 4558 iuter
970 4520 1040 4576 quae
1058 4519 1089 4560 os
1112 4506 1235 4580 occipitia
1255 4515 1283 4564 et
1304 4523 1366 4564 ossa
1390 4515 1542 4582 temporum
1562 4509 1686 4566 distincte
1708 4510 1860 4583 perspicua,

489 4601 555 4661 illud
578 4621 639 4662 uam
662 4621 725 4660 usse
746 4605 870 4678 occipitia
887 4615 1025 4664 antenore
1044 4608 1071 4664 iu
1094 4625 1177 4666 unum
1200 4609 1235 4668 ita
1258 4609 1410 4678 oonlluens,
1432 4619 1463 4667 ιι
1484 4627 1628 4669 commune
1650 4611 1771 4670 tommen
1791 4609 1859 4668 ocri·

490 4703 571 4772 pitale
585 4705 647 4764 inde
662 4717 796 4776 osscmur,
816 4723 847 4766 os
870 4715 1022 4782 temporum
1042 4709 1167 4768 destrunt
1189 4713 1373 4770 ιιιιιιιιίιιιι
1396 4729 1457 4772 cum
1470 4713 1619 4772 sinistroin
1633 4715 1723 4772 medio
1746 4722 1859 4772 unitum.

490 4805 559 4862 tata
582 4821 643 4864 cass
666 4817 817 4896 temporum
842 4819 965 4884 reapsetu
984 4827 1095 4881 eorum,
1119 4829 1191 4888 pona
1213 4815 1308 4874 estem
1327 4823 1454 4890 respecto
1476 4818 1571 4889 capitis
1593 4819 1686 4882 totius,
1708 4831 1795 4874 musa
1815 4829 1860 4872 os·

462 4916 465 4922 '
490 4905 640 4968 siculorum
662 4911 786 4970 islorrnis
808 4913 905 4987 posita,
924 4915 1009 4976 erauii
1029 4917 1114 4990 portis
1135 4919 1280 4978 ιιιιιὶιιίι
1296 4919 1430 4992 tacemus
1451 4920 1587 4978 ιιιιιιιιι
1607 4919 1727 4992 resugis.

1633 5011 1655 5079 ll
