4716 5846
1057 725 1116 816 dl

366 937 555 1031 germinum
579 933 714 1008 iussione
737 959 806 1010 non
831 937 938 1032 iavet,
964 943 1059 1036 qnasi
1084 941 1210 1014 invitus
1235 940 1278 1012 ad
1300 961 1375 1014 cum
1401 943 1542 1034 originis
1559 941 1814 1020 melomeloram

365 1079 592 1144 monstrorum
616 1071 874 1169 explicationem
891 1073 1055 1168 defertur,
1082 1097 1180 1170 quam
1197 1099 1297 1172 snpra
1312 1074 1423 1149 obiter
1439 1075 1677 1152 indicavimus.
1727 1079 1812 1152 Num

362 1205 528 1278 babemus
552 1207 587 1279 in
614 1211 785 1300 monstris,
813 1231 900 1304 qrrae
927 1209 1195 1283 extremitatibus
1218 1211 1393 1307 duplicatis
1419 1213 1565 1306 insignia
1589 1223 1686 1304 sunt,
1708 1237 1816 1311 eper-

363 1351 432 1416 tam
458 1343 625 1416 lusionem
651 1342 866 1418 brachiorum
892 1349 970 1420 sive
994 1345 1131 1444 pedum,
1155 1315 1201 1419 ila
1226 1356 1263 1420 ut
1289 1355 1380 1418 artos
1406 1350 1543 1420 sinister
1565 1348 1676 1422 dextri
1701 1347 1816 1424 foetus

365 1501 441 1552 curn
477 1477 598 1551 dextro
627 1469 752 1552 sinistri
784 1480 930 1553 conlluat
957 1492 1057 1578 atque
1081 1485 1116 1556 in
1142 1483 1310 1556 nonnullis
1333 1483 1468 1557 casibus
1492 1487 1665 1579 utriusque
1690 1493 1813 1557 extre·-

363 1616 488 1688 mitatis
520 1613 715 1710 conjunctio
749 1639 768 1688 a
803 1616 968 1692 clavicula
1005 1628 1039 1690 et
1066 1618 1204 1713 scapula
1229 1619 1304 1692 sive
1329 1643 1348 1690 a
1373 1619 1466 1716 pelvi
1492 1619 1666 1712 usquead
1690 1619 1814 1714 digitos

364 1749 578 1823 extendatur.
629 1751 700 1824 Sed
724 1755 758 1824 in
783 1755 942 1824 monstris
967 1750 1157 1823 melomelis
1183 1771 1241 1822 res
1266 1751 1446 1847 paullulum
1474 1753 1597 1824 mutata
1625 1761 1698 1840 est3
1725 1773 1814 1825 coa-

362 1883 440 1956 litus
466 1906 533 1956 non
558 1893 624 1956 tarn
649 1895 812 1958 extensus
839 1896 873 1958 et
897 1886 1094 1983 plemmquc
1120 1887 1226 1960 solius
1251 1891 1403 1981 regionis
1430 1886 1616 1983 scapularis
1636 1891 1712 1960 sive
1733 1887 1811 1984 pel-

362 2021 464 2094 vinae
495 2019 616 2093 linibus
648 2021 846 2110 includitur3
866 2021 916 2093 .id
951 2023 1040 2116 qnod
1073 2019 1175 2094 facilc
1207 2024 1428 2116 cognoscitur
1454 2043 1475 2092 e
1501 2028 1665 2092 structura
1695 2043 1812 2092 eorum

362 2163 600 2246 monstrorum,
621 2156 656 2225 in
682 2155 801 2249 quibus
827 2165 918 2227 artus
943 2153 1131 2252 superlluns
1156 2161 1240 2229 satis
1266 2155 1439 2254 perlectus
1465 2166 1541 2248 est,
1568 2166 1604 2227 nt
1629 2155 1814 2252 scapulam,

364 2287 586 2377 claviculam,
617 2289 814 2381 humorum,
846 2289 1085 2362 antibrachium
1120 2312 1321 2383 manumque
1348 2300 1382 2363 et
1407 2311 1497 2383 quac
1523 2287 1575 2359 his
1601 2289 1821 2386 respondent·

358 2424 484 2522 pedum
518 2435 634 2521 partes
665 2425 872 2518 distinguere
904 2429 1030 2522 possis.
1088 2425 1262 2520 liujusque
1294 2422 1508 2497 formationis
1541 2419 1700 2518 exempla
1733 2431 1810 2494 sont

271 2649 275 2656 Ι
360 2561 475 2652 vituli,
509 2581 597 2633 oves
632 2569 666 2632 ct
688 2559 885 2653 columbae,
917 2582 1057 2655 quorum
1092 2560 1250 2634 historias
1276 2559 1317 2632 ab
1345 2559 1510 2632 Ottone
1537 2568 1572 2631 et
1599 2557 1808 2632 Vrolilrio

361 2694 549 2790 descriptas
579 2715 680 2790 supra
712 2696 844 2790 repetii.
905 2693 982 2766 Non
1017 2694 1137 2767 desunt
1168 2715 1253 2766 vero
1289 2703 1439 2768 monstra
1474 2693 1618 2790 duplicia
1643 2693 1810 2789 perfecta,

361 2852 447 2925 qnae
480 2829 623 2903 similem
651 2830 812 2903 fabricam
834 2830 1033 2921 ostendunt,
1064 2847 1219 2923 rogoque
1251 2827 1415 2900 lectorem
1440 2826 1645 2921 benevolum
1671 2835 1707 2898 ut
1732 2829 1811 2920 agni

359 2963 553 3067 bicor-porei
578 2967 784 3037 succinctam
812 2961 1073 3060 descriptionem
1100 2955 1267 3051 conieral,
1295 2985 1393 3058 quum
1413 2963 1510 3066 ¹inira
1527 2961 1728 3057 adjecimus,
1754 2960 1811 3034 ubi

357 3106 393 3175 in
426 3102 538 3174 indice
571 3109 796 3173 monstrorum
830 3097 1010 3193 duplicium
1042 3093 1253 3170 collectionis
1285 3107 1423 3170 nostrae
1460 3095 1504 3170 dc
1539 3095 1807 3191 deradelpbo

357 3259 473 3310 sermo
501 3245 573 3322 cst,
609 3255 708 3328 quom
740 3230 990 3306 bleckelios
1013 3231 1036 3304 l.
1065 3254 1095 3302 c.
1120 3254 1199 3328 pag.
1227 3231 1298 3321 68,
1331 3233 1543 3328 scapularum
1575 3239 1807 3305 concretarum
1927 3327 1929 3334 .

358 3391 445 3444 vero
470 3370 562 3443 nulla
587 3373 760 3442 mentione
785 3367 895 3457 iacta,
922 3365 1114 3462 descripsit

460 3503 552 3576 luter
585 3509 733 3573 monstra
766 3496 949 3571 melomela
973 3497 1133 3571 nonnulla
1158 3506 1258 3588 sunt,
1285 3519 1468 3592 quaecum
1496 3499 1740 3596 cephalomelis
1765 3519 1808 3572 eo

358 3641 587 3727 conveniunt,
619 3644 656 3707 nt
680 3638 901 3708 extremitatis
931 3633 1123 3732 superfluae
1147 3656 1215 3707 non
1241 3635 1307 3706 nisi
1330 3641 1450 3729 partes
1478 3602 1656 3708 extremae
1680 3635 1809 3723 adsint3

355 3777 403 3846 nti
434 3793 535 3867 supra
569 3773 605 3842 in
637 3768 790 3842 anatibus
825 3769 970 3842 vidimus
1005 3767 1113 3864 pedes
1138 3766 1181 3838 de
1207 3770 1318 3863 capite
1343 3767 1579 3863 dependentes
1607 3793 1682 3842 curn
1710 3791 1808 3842 crore

356 3907 571 4006 lnrperiecto,
598 3909 654 4000 qui
670 3915 783 3977 umen
808 3901 994 3976 lemuribus
1022 3913 1057 3975 et
1079 3901 1238 3998 pelvibus
1263 3902 1413 3975 destituti
1431 3913 1538 3978 erunt.
1589 3905 1707 4000 anue
1732 3905 1807 3979 iere

355 4049 463 4121 anatis
497 4067 599 4140 snpra
630 4049 837 4116 memoratae
865 4048 1032 4114 structura
1058 4048 1128 4130 est,
1154 4039 1259 4135 cnjus
1287 4041 1555 4136 descriptionem
1582 4039 1806 4114 bleclrclio

356 4181 530 4255 debemus.
580 4179 665 4254 Nam
686 4183 721 4252 in
737 4179 800 4250 bac
818 4200 884 4251 ave
910 4176 1020 4250 lemur
1046 4179 1215 4282 sinistrum
1241 4182 1353 4248 exsut
1378 4175 1524 4272 simplex
1551 4185 1588 4247 et
1608 4178 1727 4272 incipit
1739 4174 1807 4246 dn-

355 4317 488 4414 plicitas
522 4341 542 4390 a
576 4339 676 4390 crure
710 4319 788 4390 sive
819 4314 912 4388 tibia.
978 4313 1219 4404 Brachiornm,
1251 4313 1377 4385 alaram
1414 4310 1587 4408 pedumve
1605 4306 1693 4384 lusio
1719 4312 1807 4382 inter

360 4454 562 4550 embrvones
589 4451 768 4547 gemellos,
793 4453 828 4524 in
854 4471 923 4524 uno
950 4449 1140 4544 eodemque
1160 4445 1279 4521 vitello
1296 4444 1502 4518 evolationis
1519 4463 1724 4540 progressos
1749 4443 1807 4537 qni

356 4587 679 4682 iaciunt‚·iacillime
704 4597 818 4686 potest
842 4585 1018 4682 explicari,
1046 4587 1076 4658 si
1102 4583 1323 4678 embrvonum
1349 4583 1448 4653 sitnm
1479 4603 1555 4652 eum
1591 4599 1671 4654 esse
1695 4581 1804 4675 ponis,

355 4747 424 4822 qno
449 4733 620 4822 utriusque
651 4725 848 4822 embrvonis
879 4731 971 4795 artus
993 4719 1058 4793 sibi
1083 4718 1315 4796 obvertuntur.
1366 4713 1445 4788 Hoc
1477 4734 1560 4786 casu
1584 4719 1706 4784 tamen*
1723 4705 1805 4782 nibil

353 4858 546 4956 explicatur
569 4862 635 4948 nisi
659 4862 731 4956 ipsa
756 4867 886 4930 artuum
910 4855 1097 4954 duplicitas.
1150 4851 1328 4964 Quomodo
1355 4868 1455 4937 vero,
1478 4849 1525 4918 uti
1549 4847 1584 4918 in
1612 4851 1710 4918 anate
1735 4859 1805 4914 no-
