4716 5846
447 907 576 962 terem.
618 897 680 962 llus
701 915 789 960 aures
811 895 935 960 conchis
958 895 1016 960 sibi
1039 893 1278 966 suntobrorsse,
1302 893 1471 958 inferior
1493 901 1615 958 tomen
1638 895 1725 962 sois
1746 897 1785 962 iu
1807 918 1901 962 mes-

444 1009 522 1062 tum
543 999 787 1064 auditorium
808 1000 931 1073 transit,
962 999 1010 1062 cni
1041 997 1198 1078 specillum
1219 1007 1282 1062 tres
1306 999 1402 1060 linces
1422 1007 1522 1078 potest
1547 999 1686 1076 immitti;
1714 1003 1906 1083 superior

443 1103 554 1166 auris
577 1102 799 1166 clausarix
826 1102 999 1166 conchae
1032 1102 1244 1164 caritatem
1276 1099 1405 1163 hebet.
1451 1099 1565 1164 Trunci
1586 1101 1730 1166 normalis
1750 1103 1827 1167 locis
1852 1124 1906 1168 so-

442 1202 505 1266 litis
526 1202 648 1284 pedes
675 1193 910 1266 ‘anteriores
943 1203 1012 1265 duo
1047 1201 1295 1284 totidemque
1317 1201 1572 1282 posteriores
1593 1205 1801 1285 regulares
1822 1227 1907 1272 sus-

442 1307 553 1386 pensi
575 1317 655 1370 sunt.
700 1307 734 1370 ln
757 1305 885 1368 medio
918 1313 1081 1384 pectore
1103 1322 1173 1365 roro
1196 1323 1262 1384 pes
1295 1304 1445 1366 tertios
1468 1313 1582 1378 exstat,
1617 1307 1667 1388 qui
1696 1307 1855 1372 humero
1877 1319 1908 1376 et

443 1411 697 1475 antihraclrio
717 1412 824 1494 justo
847 1408 1135 1488 gracilioribus
1157 1425 1334 1488 quamquam
1356 1407 1526 1488 praeditus,
1551 1408 1699 1488 duplex
1720 1419 1749 1472 ot
1770 1431 1788 1472 e
1809 1413 1904 1476 duo-

443 1512 514 1578 bus
535 1517 703 1596 pedibus
722 1516 967 1596 compositus
990 1533 1077 1576 esse
1099 1523 1158 1576 tam
1181 1531 1223 1574 ox
1245 1511 1390 1574 ambitu
1412 1509 1561 1574 latiore
1584 1512 1700 1591 pedis
1732 1516 1904 1591 extremi,
1983 1565 1985 1573 s

444 1633 531 1697 quom
553 1637 570 1680 e
592 1619 804 1699 digitorum
827 1634 991 1688 numero,
1016 1634 1176 1697 quorum
1198 1623 1348 1694 septem
1371 1613 1528 1693 ungulis
1550 1616 1741 1693 praediti,
1765 1617 1907 1698 intelligi·

443 1727 502 1782 tur.
545 1722 684 1786 Proxime
698 1733 727 1786 et
748 1739 827 1802 pone
848 1719 929 1782 hunc
950 1717 1057 1798 pedem
1079 1716 1258 1796 duplicatum
1283 1715 1354 1778 duo
1375 1725 1444 1792 sunt
1462 1717 1617 1796 conspicui
1639 1717 1761 1798 pedes
1782 1739 1908 1786 acces·

443 1823 542 1886 serii
562 1825 823 1905 posteriores,
843 1823 904 1904 qui,
928 1821 1055 1900 pelvis
1075 1821 1298 1884 rudimento
1320 1822 1496 1884 iortosse
1518 1823 1670 1896 annexi,
1694 1821 1907 1904 plicscutenea

442 1928 647 1990 tantummodo
670 1947 737 1990 cum
753 1927 876 2007 regione
898 1925 1020 1988 sterneli
1043 1926 1141 1988 trunci
1164 1925 1306 1988 normalis
1340 1925 1510 1988 cohaerent.
1556 1927 1662 1990 lutor
1694 1929 1813 2008 pedes
1843 1949 1908 1996 ec·-

443 2029 645 2093 cessorios
666 2029 771 2092 nulle
794 2028 1031 2092 observetur
1048 2029 1180 2101 crude,
1203 2047 1326 2109 neque
1348 2027 1410 2091 sni
1429 2037 1611 2109 apertura
1626 2049 1684 2094 nec
1705 2033 1906 2116 quidpiam

380 2179 385 2192 .
442 2119 1043 2214 partibusgenitalibussimile.
1088 2132 1146 2194 Pes
1169 2133 1425 2196 accessorius
1448 2133 1662 2212 posterior,
1684 2135 1735 2215 qui
1759 2134 1797 2198 in
1821 2135 1908 2199 dex-

443 2245 505 2300 tro
527 2238 655 2300 latere
676 2246 731 2310 est,
755 2237 851 2298 duos
872 2236 985 2300 hahet
1007 2235 1164 2314 digitos.
1208 2236 1323 2306 Animal
1347 2237 1522 2298 masculum.

544 2391 601 2466 ot)
644 2389 805 2454 Catulus
835 2385 1035 2467 (neonetos‘l)
1070 2387 1168 2450 salis
1204 2403 1363 2466 mugnus
1397 2405 1479 2450 cum
1510 2387 1731 2451 fraterculo
1753 2387 1908 2470 inpec-

442 2501 583 2556 toreet
605 2492 811 2554 abdomine
834 2491 964 2554 alliso.
1009 2489 1125 2554 Animal
1148 2489 1309 2553 autositum
1331 2490 1494 2553 herniae
1526 2489 1753 2555 umbilicali
1785 2493 1907 2556 masi·

325 2629 333 2648 ·
442 2615 525 2662 mee
548 2605 595 2659 est
615 2596 774 2659 obnoxium
798 2603 829 2655 et
849 2593 1031 2656 lancibus
1055 2593 1224 2674 lupinis;
1246 2592 1387 2657 enimel
1408 2594 1675 2674 parasiticum
1707 2615 1724 2657 e
1754 2596 1907 2660 duobus

443 2701 624 2782 pertibus
647 2708 713 2761 est
734 2697 1001 2776 compositum.
1045 2697 1144 2760 Altera
1168 2697 1425 2760 accessorius
1449 2704 1590 2775 estpes,
1609 2699 1660 2778 qui
1681 2699 1815 2778 proxime
1838 2705 1907 2762 aote

442 2803 600 2868 articulum
624 2800 810 2882 scapularem
840 2801 927 2880 pedis
958 2801 1119 2863 anterioris
1142 2800 1239 2864 dextri
1262 2800 1409 2880 provenit.
1452 2799 1523 2862 llic
1544 2817 1613 2879 pes
1635 2809 1752 2864 constet
1783 2820 1825 2864 es
1844 2801 1909 2864 lru-

443 2923 558 2978 mero,
581 2903 835 2966 antibraclrio
857 2913 887 2966 et
908 2922 1037 2976 manu,
1072 2922 1147 2984 quae
1170 2905 1255 2984 qnasi
1278 2905 1373 2966 duas
1392 2913 1530 2984 partes
1550 2904 1701 2979 oilert,
1724 2905 1908 2970 incisurs

445 3009 654 3081 discretas,
678 3023 835 3086 quarum
858 3007 994 3068 dextre
1013 3006 1108 3068 dnos
1129 3007 1283 3084 digitos
1303 3009 1560 3088 ungulasque,
1584 3006 1712 3070 ultera
1736 3017 1818 3071 tres
1841 3027 1909 3088 ge-

444 3111 507 3174 rit.
553 3108 661 3171 Plica
683 3116 844 3169 cutanee
865 3127 948 3170 cnm
970 3109 1043 3171 hoc
1064 3109 1159 3188 pede
1180 3119 1216 3171 et
1237 3119 1398 3190 pectore
1419 3111 1558 3174 fratris
1587 3111 1752 3190 majoris
1784 3129 1908 3192 usquc

444 3214 487 3276 ad
518 3215 769 3291 superiorem
802 3209 970 3272 herniae
991 3211 1206 3273 circuitum
1238 3213 1450 3294 conjuncte
1473 3223 1531 3277 est
1553 3213 1681 3294 pelvis
1704 3232 1786 3276 cum
1810 3215 1908 3276 duo·

443 3321 512 3383 bns
535 3315 700 3396 pedibus
722 3313 1025 3394 posterioribus.
1068 3313 1149 3376 llaec
1171 3316 1264 3378 alteru
1288 3317 1409 3396 parasiti
1431 3336 1501 3398 pars
1522 3335 1652 3397 magna
1675 3319 1815 3398 gaudet
1836 3336 1909 3380 mo·

443 3423 615 3493 bilitotc,
634 3436 773 3498 pesvero
793 3419 972 3481 anterior
991 3421 1219 3499 superfluus
1241 3421 1348 3483 iixus
1369 3430 1449 3484 stet
1469 3430 1694 3484 introrsum
1718 3420 1907 3486 directus.

442 3527 540 3592 Pedes
573 3523 756 3605 posteriores
787 3522 947 3586 accessorii
978 3523 1053 3586 sctis
1086 3523 1243 3602 regulares
1263 3533 1294 3586 et
1315 3525 1419 3586 fortes.
1463 3523 1545 3587 luter
1566 3525 1680 3588 femora
1701 3525 1788 3612 penis
1812 3533 1910 3590 exstat

442 3631 549 3712 regine
571 3625 745 3709 praeputieli
761 3625 913 3706 perforate
929 3625 1080 3700 inclusus;
1101 3626 1151 3689 oni
1172 3626 1239 3690 ioco
1262 3629 1345 3690 loves
1364 3636 1421 3701 est,
1444 3645 1462 3688 e
1485 3647 1541 3709 qna
1558 3627 1667 3710 pupille
1687 3626 1818 3708 oblonga
1835 3645 1909 3708 pro-

444 3737 539 3800 minet
561 3742 591 3796 et
612 3749 701 3811 supro
720 3729 806 3792 'hanc
838 3729 950 3792 candus
977 3729 1098 3792 rudere.
1142 3729 1276 3812 Uterque
1298 3747 1353 3810 pes
1382 3729 1638 3811 quodridigitatus.
1682 3730 1783 3796 Pelris
1805 3749 1910 3796 ecces-

445 3839 543 3901 soriae
569 3837 659 3899 iacies
681 3833 876 3896 abdomionlis
900 3833 1013 3913 pectori
1037 3833 1125 3896 catuli
1147 3833 1269 3914 majoris
1291 3833 1416 3896 obversa
1439 3829 1536 3908 θεῖ’).

444 4001 752 4016 m*—

487 4104 517 4183 ”)
561 4107 662 4166 Locum
677 4110 705 4166 in
727 4119 872 4184 systemate
894 4109 1072 4186 terstologico
1095 4109 1145 4166 uiri
1167 4107 1201 4166 ol.
1223 4108 1246 4164 J.
1270 4107 1371 4166 (leolis.
1394 4107 1433 4166 St.
1456 4105 1556 4164 ililaire
1578 4121 1731 4179 quoerens,
1764 4122 1819 4180 quc
1851 4103 1909 4180 pul·

531 4211 587 4268 lum
609 4211 762 4284 leporinum
784 4223 809 4271 et
832 4213 950 4272 catulum
969 4230 1054 4288 supro
1077 4212 1229 4286 descriptos
1264 4209 1413 4277 collocem,
1450 4210 1570 4282 priorem
1594 4207 1911 4283 heteropegorum,

531 4313 645 4372 alterum
664 4313 1023 4392 heteradelplsorum
1045 4331 1159 4373 numero
1181 4313 1392 4372 adscribendum
1422 4329 1483 4370 esse
1502 4312 1621 4370 invenio.
1664 4311 1832 4386 lepusculus
1855 4329 1910 4370 ma·

530 4420 601 4478 xime
622 4425 664 4476 est
685 4415 808 4476 idonens,
822 4427 852 4476 nt
873 4435 935 4476 cum
957 4429 1083 4477 monstro
1103 4419 1222 4476 hnmano
1246 4415 1418 4485 conteretur,
1440 4415 1515 4490 quod
1537 4413 1757 4474 iloseostiel
1777 4416 1911 4474 emmim.

529 4523 586 4592 rit3
603 4523 630 4579 in
651 4527 775 4578 monstro
795 4527 891 4576 nostro
911 4535 977 4577 soro
1000 4521 1135 4594 psrssitus
1157 4519 1243 4578 molto
1265 4519 1355 4576 minos
1377 4527 1419 4577 est
1440 4518 1588 4592 perlectus,
1609 4517 1758 4593 perfectior
1780 4533 1844 4576 vero
1867 4535 1913 4576 os·

531 4635 584 4684 stat
606 4625 664 4699 ipse
682 4624 772 4682 loetus
792 4620 942 4689 autositus,
965 4623 1012 4695 qui
1035 4622 1122 4696 capite
1145 4623 1244 4698 gaudet
1266 4620 1340 4678 omni
1363 4620 1497 4696 regulari,
1520 4627 1614 4680 sorem
1636 4621 1801 4696 superdeum
1823 4620 1847 4679 si
1869 4637 1912 4678 es·

532 4729 647 4804 ceperis.
691 4727 721 4786 ln
743 4733 867 4785 monstro
889 4723 937 4782 illo
959 4723 1078 4783 huneco
1099 4725 1171 4784 oculi
1192 4725 1235 4782 rix
1257 4731 1322 4782 sunt
1342 4723 1503 4800 conspicui,
1526 4724 1585 4782 ussi
1605 4723 1668 4782 loco
1686 4723 1787 4802 pupilla
1811 4719 1913 4800 promi·

532 4851 610 4906 neos,
634 4849 666 4890 os
687 4827 800 4900 nullom,
823 4845 878 4904 qno
900 4826 1034 4904 prolutus
1052 4845 1176 4906 msgnsm
1198 4839 1303 4906 psrtcm
1323 4843 1498 4904 organorum,
1522 4845 1592 4906 quse
1605 4827 1641 4888 sd
1659 4825 1913 4902 sensuspcrtinent,
