4716 5846
495 901 625 966 saccis
652 897 964 966 membranaceis
994 905 1031 961 et
1057 894 1296 960 intermedio
1326 895 1488 976 quodam
1519 893 1656 962 mobili
1684 913 1774 962 osse
1803 913 1958 975 magro,

496 1024 591 1087 quae
619 1009 752 1086 partes
787 1021 922 1068 omncs
957 1018 1074 1080 supra
1109 1016 1278 1078 maguam
1314 997 1541 1082 ovalemque
1569 998 1697 1062 cranii
1730 1005 1959 1080 aperturam

495 1109 650 1190 positae
673 1113 778 1168 suut.
828 1104 892 1167 Duo
912 1102 956 1165 illi
976 1099 1072 1173 sacci,
1104 1102 1176 1162 dura
1203 1109 1297 1162 matre
1318 1101 1453 1174 formati,
1481 1101 1560 1181 stylo
1582 1101 1666 1182 quasi
1693 1119 1728 1162 ex
1749 1101 1883 1164 abnormi
1906 1100 1958 1162 illo

495 1209 617 1291 qrrtieis
641 1208 719 1270 ostio
740 1205 899 1286 prodeunt,
928 1203 1036 1267 deinde
1053 1202 1269 1281 amplificantur
1290 1201 1464 1284 oralemque
1487 1205 1613 1265 sormam
1631 1204 1768 1266 induunt.
1819 1203 1960 1267 Anterior

495 1313 588 1378 multe
610 1312 709 1378 minor
731 1319 779 1374 est
795 1327 882 1392 quam
901 1305 1062 1389 posterior.
1106 1302 1160 1366 llis
1173 1302 1365 1384 interiectum
1381 1311 1426 1368 est
1444 1321 1478 1366 os
1493 1305 1729 1384 orianegnes,
1746 1303 1825 1385 quod
1840 1306 1872 1367 in
1888 1303 1957 1366 coni

498 1418 623 1478 tomum
653 1413 782 1486 desinit,
812 1431 828 1476 a
856 1413 953 1476 tronto
983 1416 1012 1470 et
1039 1427 1056 1468 a
1087 1407 1176 1468 dorso
1204 1405 1288 1488 quasi
1318 1425 1524 1488 compressum
1555 1416 1603 1473 est
1624 1417 1653 1470 et
1675 1425 1743 1472 curn
1766 1408 1867 1472 cranio
1891 1419 1959 1472 tau-

496 1538 583 1601 quam
598 1518 757 1581 articulum
773 1515 853 1578 iacit.
886 1512 959 1576 Eius
971 1529 1045 1590 apex
1061 1507 1155 1571 firmis
1178 1507 1348 1588 ligamentis
1369 1530 1437 1573 cum
1460 1521 1586 1592 utroque
1604 1529 1690 1572 saeco
1709 1513 1885 1574 coniunctus
1901 1523 1958 1576 est.

496 1625 595 1699 Quum
619 1620 776 1684 calvariam
798 1636 882 1681 serra
903 1613 1028 1696 provide
1049 1613 1208 1676 dissectam
1230 1613 1428 1691 aperuissem,
1447 1615 1604 1676 cerebrum
1626 1613 1788 1694 apparebat
1806 1634 1882 1697 aqua
1905 1635 1959 1678 ex·

496 1735 615 1790 tensum
644 1731 676 1786 et
710 1719 796 1803 quasi
827 1725 1007 1783 maceratum
1030 1715 1159 1796 ideoque
1184 1715 1345 1790 elimans,
1368 1716 1456 1797 cujus
1479 1715 1699 1798 hemisphaeria
1720 1717 1806 1780 ambo
1827 1735 1962 1799 superne

454 1825 456 1832 “
496 1847 582 1910 aqua,
606 1827 637 1890 iu
658 1823 833 1888 ventriculis
852 1821 1024 1886 lateralibus
1038 1817 1229 1893 accumulata,
1250 1827 1457 1884 extensarum
1477 1829 1566 1904 atque
1587 1821 1619 1884 iu
1638 1839 1758 1886 saccum
1775 1823 1957 1890 anteriorem

499 1933 611 1995 intrant
644 1947 773 2010 eumque
794 1925 931 2008 explent,
962 1943 1052 2006 quum
1075 1921 1169 2002 major
1191 1931 1221 1982 et
1240 1923 1393 2002 posterior
1414 1941 1519 1989 saccus
1543 1923 1690 1988 cerebello
1712 1923 1886 2006 hydropico,
1907 1928 1955 1988 ni-

498 2034 589 2097 mium
613 2031 786 2094 immodum
809 2039 940 2100 extenso,
965 2025 1119 2089 alliciatur.
1163 2023 1282 2087 Nullum
1306 2025 1457 2088 iuvenitur
1474 2025 1615 2089 cerebelli
1637 2027 1809 2100 tentorium,
1834 2027 1887 2090 sed
1909 2029 1958 2090 iu·

497 2147 544 2200 ter
566 2136 737 2204 cerebrum,
771 2132 856 2213 eujus
879 2129 1029 2211 posterior
1049 2147 1118 2209 pars
1142 2131 1226 2210 quasi
1247 2137 1382 2191 truncata
1403 2137 1466 2203 cst,
1488 2139 1521 2190 et
1541 2129 1726 2191 cerebellum
1749 2131 1959 2212 interpositum

499 2250 545 2302 est
573 2239 652 2302 ossis
670 2239 732 2319 jam
753 2235 907 2299 memorati
929 2253 999 2316 pars
1020 2231 1156 2294 inferior.
1200 2233 1264 2296 lice
1287 2232 1367 2296 enim
1390 2251 1458 2294 urm
1485 2233 1639 2294 loramiuis
1671 2234 1798 2298 anomali
1823 2237 1960 2316 margine

498 2343 529 2406 iu
552 2353 678 2423 utroque
700 2339 794 2403 latere
816 2339 900 2420 quasi
921 2333 1077 2399 articulum
1094 2335 1174 2410 lacit,
1197 2354 1288 2418 quum
1313 2346 1342 2398 et
1365 2355 1399 2397 os
1423 2335 1522 2415 ipsum
1541 2345 1571 2398 et
1590 2336 1715 2398 calvaria
1738 2357 1773 2398 ec
1796 2337 1880 2412 loco,
1899 2357 1957 2420 quo

497 2465 532 2508 se
563 2453 706 2524 tangunt,
737 2444 768 2506 in
803 2439 955 2504 tubercula
985 2437 1152 2502 articularia
1184 2437 1382 2501 intumuerint
1404 2448 1434 2499 et
1455 2438 1538 2502 libris
1559 2439 1707 2502 trudineis
1730 2445 1958 2522 conjungantur.

497 2553 684 2628 Quapropter
713 2566 747 2612 os
775 2546 851 2612 illud
874 2541 1041 2606 anomalum
1064 2551 1128 2602 tum
1149 2550 1298 2620 prorsum,
1321 2551 1384 2606 tum
1404 2549 1570 2606 retrorsum
1598 2543 1694 2606 libere
1714 2545 1827 2608 moseri
1849 2554 1959 2627 potest.

497 2653 562 2718 Hoc
584 2661 680 2716 autem
703 2669 763 2714 non
787 2667 879 2730 prope
902 2654 1081 2727 aperturam,
1100 2645 1220 2708 ossibus
1239 2645 1434 2724 parietalihus
1458 2655 1488 2708 et
1506 2647 1656 2728 occipiteli
1679 2648 1814 2723 cinctam
1836 2650 1959 2726 desiuit,

498 2759 551 2822 sed
570 2759 669 2838 potius
692 2756 724 2817 in
746 2755 843 2832 ipsum
866 2750 960 2816 cranii
981 2767 1083 2811 cavum
1102 2747 1175 2810 satis
1195 2748 1341 2829 profunde
1364 2748 1540 2824 descendit,
1565 2752 1598 2812 in
1625 2751 1693 2814 eoui
1716 2753 1841 2816 sormam
1859 2753 1961 2817 linitur

499 2861 657 2940 etapieem
682 2856 802 2936 paulum
830 2862 909 2914 retro
941 2853 1050 2912 ilerum
1073 2849 1179 2924 habet,
1201 2850 1242 2912 ita
1262 2859 1296 2912 ut
1314 2850 1450 2914 internus
1471 2852 1536 2932 ejus
1557 2853 1626 2916 finis
1648 2849 1727 2918 intel
1750 2857 1907 2920 cerebrum
1930 2869 1961 2920 et

499 2963 695 3036 cerebellum,
731 2959 824 3024 nimio
854 2953 1012 3019 intervallo
1033 2958 1187 3032 seiuncta,
1205 2953 1301 3017 libere
1320 2963 1474 3018 morentur
1493 2965 1522 3018 et
1541 2975 1635 3037 paene
1656 2975 1752 3040 usque
1773 2961 1811 3021 ad
1834 2979 1961 3042 corpora

499 3065 723 3150 quadrigemina
750 3062 909 3144 pertineat.
953 3057 1094 3134 Quamvis
1119 3057 1151 3120 id
1179 3075 1216 3120 os
1238 3058 1335 3137 primo
1357 3058 1500 3138 adspectu
1523 3059 1649 3140 simplex
1675 3061 1826 3136 videatur,
1860 3071 1962 3126 umen

499 3187 633 3232 rererae
656 3165 785 3229 diversis
803 3161 940 3243 partibus
959 3167 1090 3236 consum
1109 3179 1177 3222 uam
1197 3159 1227 3224 in
1251 3161 1404 3242 superiore
1426 3163 1485 3225 line
1505 3181 1627 3244 pervum
1651 3174 1681 3228 et
1702 3166 1862 3228 rotundum
1882 3166 1962 3229 ossi·

499 3273 599 3338 culum
618 3269 762 3341 cernitur,
782 3267 861 3348 quod
883 3285 951 3330 eum
972 3265 1057 3345 apice
1080 3264 1216 3344 primarii
1238 3264 1496 3328 ussisarctissime
1514 3268 1673 3342 cobaeret3
1695 3269 1807 3347 pariter
1825 3268 1960 3330 inferiori

501 3379 566 3458 ejus
592 3373 644 3435 iirti
673 3369 779 3433 intime
808 3370 976 3449 iujvmctum
1007 3375 1055 3430 est
1075 3366 1215 3440 tertium,
1237 3365 1372 3448 adeoque
1394 3375 1531 3448 quartum
1555 3371 1733 3446 ossiculum,
1767 3390 1842 3453 quae
1861 3373 1961 3436 omnia

500 3489 559 3543 tam
580 3475 708 3538 firmiter
728 3477 884 3552 conjuncta
906 3478 985 3544 suut,
1005 3477 1040 3532 ut
1062 3468 1192 3550 quodam
1213 3469 1303 3532 modo
1321 3472 1610 3548 unnmoseilieiant,
1634 3477 1715 3555 quod
1729 3478 1850 3557 propria
1866 3497 1961 3542 mem-

499 3581 601 3653 brana,
624 3579 644 3641 i.
658 3597 688 3640 e.
705 3577 857 3658 periosteo
876 3573 1038 3636 obductum
1059 3583 1115 3636 est
1159 3573 1301 3638 deterior
1315 3591 1387 3637 rem
1410 3580 1476 3655 ejus
1498 3576 1673 3657 superficies
1693 3581 1876 3661 complanata
1899 3584 1965 3646 sul·

500 3705 568 3749 eum
593 3683 740 3766 quendam
763 3676 914 3742 lateralem
936 3677 1035 3752 habet,
1057 3678 1141 3759 quasi
1163 3693 1191 3740 e·
1204 3678 1316 3741 duabus
1332 3679 1468 3758 partibus
1482 3679 1654 3743 lateralibus
1665 3683 1835 3746 coaluisset.
1880 3687 1962 3758 Quo·

500 3790 588 3852 modo
613 3788 757 3851 nutritum
778 3791 871 3856 esset,
895 3801 1061 3864 quanquam
1082 3782 1263 3861 investigare
1285 3800 1344 3844 non
1367 3783 1467 3862 potui,
1491 3793 1588 3846 tamen
1607 3803 1785 3864 persuasum
1808 3784 1880 3848 mibi
1905 3793 1960 3858 est,

501 3908 538 3950 ex
566 3892 684 3954 arteriis
714 3891 806 3952 durae
833 3886 935 3950 matris
959 3905 994 3948 eo
1018 3886 1101 3958 loeo,
1130 3885 1234 3946 ubios
1255 3903 1322 3947 oum
1345 3887 1447 3948 cranio
1470 3886 1624 3961 cohaeret,
1648 3887 1721 3949 illud
1742 3887 1960 3951 minutissimos

502 3991 755 4072 quosdam·ramos
768 3991 873 4056 emitti.
917 3988 982 4050 Non
997 4005 1129 4068 possum,
1151 3987 1223 4066 quin
1240 3987 1298 4048 hoc
1319 4003 1360 4046 os
1381 4004 1450 4064 pro
1473 3989 1742 4054 extremitatis
1764 3991 1962 4070 cujusdam

502 4111 826 4174 supervacaneae
859 4090 1037 4168 vestigio
1064 4087 1207 4162 habeam,
1236 4087 1316 4170 quod
1344 4105 1435 4167 quem
1463 4089 1646 4152 adulterum
1669 4093 1815 4172 quoddam
1839 4113 1962 4175 germen

502 4197 674 4278 pertineret,
699 4195 856 4258 morbosae
884 4194 927 4256 illi
958 4191 1062 4274 capricis
1091 4191 1168 4272 parti
1197 4191 1411 4272 agglutinatum
1433 4193 1609 4268 accreverit,
1633 4195 1738 4260 eadem
1760 4197 1822 4260 lere
1845 4199 1962 4261 ratione

439 4345 443 4354 .
502 4311 591 4381 atque
615 4299 750 4379 placente
773 4297 803 4357 in
827 4306 959 4358 monstro
983 4295 1110 4377 quodam
1132 4313 1221 4376 supra
1244 4303 1418 4358 memorato.

1046 4601 1396 4616 ...ψ
