4716 5846
386 923 464 978 crus
491 923 567 976 com
592 901 757 979 mbanao
783 911 819 976 et
842 900 1014 997 magde
1040 901 1205 1000 simplicia
1233 911 1322 994 eruat,
1347 901 1477 999 reliqua
1505 907 1587 980 tarsi
1606 922 1685 982 ossa
1703 907 1836 1002 imper-

383 1038 473 1112 lecta
506 1049 541 1112 et
567 1037 659 1133 justo
690 1043 821 1116 minora
846 1037 982 1112 solitum
1007 1061 1182 1114 numerum
1208 1057 1372 1134 superare
1398 1037 1566 1114 videntur.
1619 1041 1719 1128 Quod
1745 1059 1833 1116 uero

382 1174 530 1250 mammo
556 1175 747 1264 domitoris,
773 1181 826 1246 ost
849 1176 978 1250 ossium
1003 1178 1176 1250 meumst
1202 1173 1394 1270 duplicitas,
1421 1195 1561 1270 quorum
1589 1185 1732 1271 uterqtm
1750 1175 1836 1252 door

387 1310 511 1406 digitos
538 1314 637 1405 gesa.
1551 1313 1561 1334 ·

441 1528 445 1536 ’
483 1513 573 1585 Satis
608 1510 709 1584 mults
746 1512 905 1609 exempla
935 1521 1012 1586 sunt
1038 1513 1291 1585 melomelorum
1319 1534 1365 1584 ex
1391 1509 1582 1585 animalium
1608 1514 1833 1590 mammalium

385 1647 516 1720 classe·
561 1647 634 1721 Jam
662 1647 850 1720 videbimus
878 1657 989 1722 autem
1022 1652 1056 1720 in
1083 1651 1196 1720 auium
1224 1669 1356 1744 quoque
1383 1645 1442 1722 vel
1467 1647 1594 1719 alarum
1629 1647 1685 1719 vel
1709 1650 1833 1744 pedum

382 1783 642 1880 duplicationem
674 1783 866 1858 morbosam
901 1806 1095 1858 occurrere.
1146 1784 1285 1877 Insigne
1320 1792 1373 1858 est
1395 1792 1579 1858 monstrum
1606 1783 1832 1863 columbinum

382 1920 560 2010 tristatum,
586 1921 676 2017 quod
700 1920 801 1993 Otto
826 1919 847 1990 l.
875 1940 906 1990 c.
933 1941 1014 2015 pag.
1040 1919 1115 1994 275
1141 1918 1203 1992 sub
1229 1943 1291 1996 nro
1318 1920 1392 1991 472
1421 1926 1474 1993 sic
1499 1919 1672 1994 describit.

399 2063 420 2114 Ο

483 2159 653 2221 Columbam
674 2169 777 2221 nactus
799 2177 865 2222 snm
888 2159 1034 2232 adultam,
1057 2157 1220 2220 masculam
1244 2167 1273 2219 et
1293 2157 1422 2218 tribus
1446 2157 1519 2218 alis
1542 2157 1734 2233 instructam,
1756 2179 1831 2241 quaa

380 2277 467 2338 aegra
486 2269 599 2322 tantum
618 2269 647 2322 et
676 2261 794 2341 oblique
813 2261 928 2322 volabat
950 2271 979 2322 ct
998 2279 1065 2321 mox
1088 2263 1120 2323 in
1143 2271 1251 2321 terram
1275 2259 1486 2334 delaberetur;
1514 2260 1613 2340 itaque
1643 2281 1707 2323 eam
1729 2263 1829 2326 necari

377 2363 465 2443 jussi.
509 2363 579 2423 Avis
601 2361 725 2423 cadaver
742 2363 906 2443 inspiciens
928 2363 966 2422 in
984 2361 1124 2424 dextro
1148 2360 1273 2422 latere
1297 2360 1392 2422 duas
1413 2359 1506 2432 alas,
1531 2379 1653 2440 quarum
1670 2363 1760 2424 altera
1779 2381 1831 2424 su·

381 2483 435 2546 pra
465 2465 586 2527 alteram
615 2467 709 2544 posita
733 2474 811 2538 erat,
841 2475 870 2526 et
898 2473 1052 2545 praeterea
1080 2473 1185 2543 pectus
1216 2463 1367 2546 obliquum
1398 2471 1428 2523 ct
1451 2463 1603 2543 inaequale
1625 2466 1764 2544 repperi3
1790 2467 1829 2526 ita

382 2570 518 2651 quidem,
549 2579 582 2629 ut
604 2567 724 2629 sinistra
748 2567 811 2647 ejus
839 2583 908 2646 pars
929 2567 1021 2628 multo
1044 2565 1131 2627 latior
1151 2575 1248 2638 esset,
1273 2583 1359 2645 quam
1381 2563 1501 2654 dextra,
1533 2563 1565 2626 ln
1594 2583 1650 2646 qua
1672 2565 1744 2627 duas
1765 2563 1830 2628 alas

305 2669 335 2724 '·
382 2690 451 2733 esse
470 2669 541 2732 diri.
584 2669 710 2732 diusculi
732 2670 896 2750 pectorales
921 2669 1017 2732 dextri
1041 2671 1126 2750 quasi
1148 2669 1328 2758 llssi0erant,
1353 2667 1546 2748 fasciculiquc
1567 2668 1606 2728 ad
1628 2667 1702 2728 alam
1724 2685 1831 2748 super·

380 2772 467 2836 lluam
497 2772 697 2834 mittebantur.
741 2771 855 2833 Arteria
884 2770 1033 2832 subclauia
1062 2771 1163 2832 dextra
1193 2778 1312 2849 praeter
1342 2769 1465 2830 modum
1491 2768 1586 2848 ampla
1614 2779 1736 2848 propter
1766 2771 1830 2832 alac

381 2873 584 2956 duplicitatem
613 2873 794 2946 findebatur,
821 2874 852 2934 id
881 2874 959 2954 quod
981 2875 1068 2936 etiam
1090 2875 1121 2936 in
1144 2873 1262 2953 plexum
1284 2873 1464 2936 brachialem
1486 2872 1572 2934 cadit
1618 2871 1738 2934 Viscera
1760 2891 1831 2936 sana

381 2989 460 3042 sunt.
504 2977 611 3040 sceleti
634 2977 727 3039 torma
749 2975 823 3037 baec
841 2984 898 3038 cst.
943 2976 1055 3054 Capitis
1077 2994 1160 3047 ossa,
1185 2976 1320 3038 columna
1343 2973 1530 3046 uertebralis‚
1553 2973 1598 3038 ala
1620 2973 1741 3038 sinistra
1767 2993 1830 3036 am-

380 3085 478 3164 boque
499 3080 592 3160 pedes
622 3085 704 3142 recte
733 3087 898 3156 comparata
921 3087 1004 3152 eunt3
1031 3087 1165 3141 eternum
1188 3087 1287 3140 autem
1310 3087 1340 3140 et
1357 3077 1452 3156 pelvis
1469 3095 1487 3138 a
1507 3084 1630 3138 naturae
1652 3076 1716 3154 legs
1733 3077 1831 3138 disoc-

381 3187 463 3248 dunt.
507 3181 589 3244 lllius
611 3182 690 3244 eninr
705 3197 774 3260 pars
788 3180 891 3242 dextra
907 3182 999 3244 multo
1021 3181 1119 3244 minor
1139 3191 1194 3254 ost,
1218 3199 1305 3262 quam
1328 3181 1457 3253 sinistra,
1483 3189 1514 3244 et
1535 3181 1626 3242 crista
1643 3181 1680 3243 ad
1695 3183 1829 3246 doxtrum

380 3289 456 3352 latus
486 3287 590 3350 inflexa
620 3295 683 3358 est;
709 3283 804 3362 pelvis
825 3293 920 3346 auteur
944 3284 1106 3363 paullulum
1129 3285 1247 3364 obliqua
1269 3284 1418 3346 anteriore
1449 3293 1533 3362 parte
1558 3285 1655 3347 dextri
1678 3286 1755 3348 ossis
1778 3286 1829 3346 ilei

381 3399 471 3452 caret.
515 3388 606 3467 Cujus
629 3387 797 3450 vitiositatis
819 3405 907 3450 causa
929 3387 960 3450 in
981 3406 1016 3449 eo
1036 3387 1133 3466 posita
1154 3387 1280 3460 uidetur,
1304 3386 1383 3467 quod
1407 3385 1521 3448 duabus
1542 3385 1597 3448 alis
1628 3386 1739 3450 deutris
1761 3387 1829 3465 plus

382 3492 470 3572 spatii
496 3491 532 3552 ad
559 3489 735 3552 movendum
765 3507 838 3568 opus
868 3499 941 3552 erat.
985 3491 1037 3552 dla
1059 3491 1160 3552 dextra
1179 3491 1318 3569 superior
1339 3509 1393 3552 seu
1423 3489 1590 3562 ordinaria,
1620 3499 1827 3570 praeterquam

381 3592 569 3676 quod‘nimis
590 3589 648 3650 alto
668 3590 732 3652 loco
755 3589 895 3652 collocata
917 3598 981 3663 est,
1006 3609 1041 3651 eo
1064 3610 1180 3672 quoque
1203 3611 1218 3654 a
1239 3599 1361 3654 naturae
1385 3591 1451 3670 lege
1473 3591 1628 3666 abhorret,
1652 3594 1730 3673 quod
1754 3593 1828 3655 duos

381 3695 482 3770 radios
501 3691 649 3766 continct;
670 3693 843 3770 ceteroquin
863 3700 961 3754 autem
984 3701 1066 3754 recte
1088 3695 1268 3756 conformata
1287 3702 1343 3756 est.
1387 3695 1484 3758 altera
1508 3694 1642 3774 ejusdem
1661 3695 1762 3759 lateris
1783 3695 1829 3758 ala

381 3799 458 3862 inira
481 3797 561 3859 illam
582 3795 677 3874 posita
699 3804 729 3855 et
751 3795 933 3875 singularum
956 3797 1084 3875 partium
1105 3797 1324 3873 magnitudine,
1353 3815 1477 3860 numero
1499 3805 1528 3858 at
1549 3799 1643 3860 torma
1667 3797 1709 3860 illi
1733 3799 1830 3862 simil-

380 3901 451 3964 lima
472 3909 535 3969 est,
558 3915 732 3978 quamquam
755 3897 868 3960 radium
891 3899 1056 3978 simplicem
1080 3901 1178 3963 babet.
1223 3900 1370 3964 clauicula
1392 3901 1455 3964 alae
1478 3904 1654 3980 superfluae,
1678 3902 1827 3968 ordinaria

381 4006 496 4074 minor,
525 4001 556 4064 in
584 4008 707 4062 externo
735 3999 822 4079 bojas
844 4001 937 4064 latere
958 4021 1025 4064 cum
1049 4011 1149 4065 sterno
1178 4003 1336 4083 conjuncta
1358 4011 1422 4075 est;
1445 4021 1500 4066 neo
1520 4003 1605 4066 deest
1625 4021 1713 4082 parua
1736 4022 1828 4084 quae-

381 4105 448 4166 dam
471 4102 599 4181 scapula,
622 4118 677 4164 nec
698 4100 829 4164 lurculac
848 4102 1059 4176 rudimentum,
1078 4104 1156 4184 quod
1181 4105 1301 4184 quidem
1323 4123 1446 4184 paruum
1468 4115 1515 4168 est
1537 4114 1567 4168 et
1588 4107 1619 4168 in
1642 4107 1768 4170 liberum
1791 4107 1826 4166 fi-

379 4225 448 4272 uant
475 4205 586 4268 desinit
614 4221 670 4266 nec
700 4202 761 4264 ullo
790 4203 877 4266 modo
908 4223 973 4268 oum
1005 4205 1119 4268 lurcnla
1148 4207 1281 4285 legitima
1304 4207 1451 4282 cohaeret,
1475 4226 1551 4292 quae
1571 4211 1690 4292 obliqua
1709 4219 1739 4274 et
1760 4229 1828 4272 cum

380 4310 493 4374 duabus
510 4317 623 4372 tantum
645 4306 700 4370 alis
721 4306 882 4372 ordinariis
904 4327 1037 4374 connexe
1058 4320 1115 4374 est.

959 4601 1260 4613 ---—-..-...-
