4716 5846
368 913 428 992 es,
449 911 518 978 illes
539 933 555 978 a
578 924 702 981 notume
722 913 789 994 lege
808 931 869 978 non
891 913 1075 988 obhorrent,
1095 912 1152 978 bae
1173 932 1247 978 voro
1267 915 1358 978 nimis
1379 915 1487 982 breves
1508 929 1581 985 sunt
1599 919 1822 984 vertebris-

366 1037 437 1103 que
461 1025 604 1090 carent,
628 1001 718 1098 quum
738 1014 770 1078 in
791 1015 870 1096 pelvi
892 1015 1125 1078 extraordinarie
1144 1035 1179 1080 os
1199 1035 1317 1080 socrum
1340 1027 1370 1080 et
1389 1038 1423 1082 os
1446 1023 1581 1102 coccygis
1602 1023 1821 1100 desiderentur,

368 1121 398 1183 in
421 1122 512 1183 altera
536 1138 606 1181 vero
629 1139 663 1182 os
685 1137 803 1182 sacrum
824 1117 945 1198 quidem
967 1127 1077 1191 exstet,
1110 1119 1163 1179 sed
1188 1127 1272 1181 acute
1303 1119 1418 1182 desinat
1436 1116 1607 1204 nullumque
1630 1128 1765 1207 coccygis
1788 1147 1822 1190 os

365 1223 536 1304 adjunctum
548 1221 666 1286 lrabeat.
709 1223 815 1284 birrum
831 1241 901 1284 vero
918 1231 973 1295 est,
995 1221 1075 1302 quod
1091 1221 1121 1282 in
1139 1225 1251 1300 majore
1267 1223 1345 1301 pelvi
1366 1223 1511 1286 nullum
1533 1227 1595 1288 ani
1619 1229 1700 1291 oril
1705 1230 1823 1291 icium

365 1326 535 1398 invenitor,
559 1326 640 1406 quod
669 1325 702 1388 in
730 1327 881 1406 superflue
910 1335 941 1388 et
959 1327 1078 1390 minore
1098 1327 1219 1390 omniuo
1241 1336 1345 1392 exstet.
1388 1331 1487 1404 Quum
1510 1328 1635 1407 plurima
1654 1331 1822 1396 abdominis

365 1439 395 1492 et
416 1429 513 1492 omnis
534 1427 665 1508 pectoris
687 1426 802 1489 viscera
818 1427 947 1508 pessime
959 1437 1109 1506 pastorum
1126 1429 1342 1492 consuetudine
1362 1431 1423 1511 jem
1439 1441 1553 1494 exenta
1567 1432 1638 1506 sint,
1657 1434 1697 1496 ale
1720 1454 1824 1500 eorum

364 1544 467 1596 natura
498 1551 557 1592 non
585 1540 684 1610 potest
713 1532 787 1594 certi
810 1531 969 1612 quidquam
991 1531 1136 1610 prolerri3
1165 1530 1222 1593 hoo
1252 1539 1349 1594 tamen
1381 1553 1417 1594 ex
1447 1553 1550 1596 eorum
1573 1536 1709 1617 reliquiis
1731 1556 1822 1618 eppa-

363 1646 419 1704 ret,
439 1633 614 1698 intestinum
636 1631 775 1695 nonnisi
797 1631 833 1694 ed
848 1632 994 1694 minorem
1012 1631 1120 1712 pelvim
1145 1633 1336 1712 pertinuisse,
1360 1635 1392 1696 in
1414 1637 1505 1698 altera
1528 1647 1625 1700 eutem
1639 1641 1752 1703 nullum
1772 1661 1822 1704 er·

364 1739 488 1800 stitisse.
531 1737 595 1800 Duo
619 1745 730 1798 tantum
754 1745 825 1800 sunt
845 1755 947 1810 renes,
968 1737 1022 1798 sed
1045 1737 1120 1799 (lune
1138 1738 1267 1812 vesicae,
1290 1749 1428 1819 manuos·
1451 1748 1553 1815 testes,
1576 1741 1634 1805 duo
1657 1753 1753 1806 santa
1775 1745 1823 1807 bi-

363 1841 421 1902 lida
444 1850 474 1902 et
503 1839 562 1901 duo
594 1856 697 1918 penes.
741 1838 830 1900 Aorta
851 1837 883 1898 in
903 1837 1028 1918 regione
1042 1838 1212 1904 lumborum
1234 1841 1266 1904 in
1289 1841 1412 1906 duarum
1433 1842 1565 1922 pelvium
1586 1863 1673 1908 usum
1696 1846 1727 1908 in
1748 1847 1822 1910 (luos

362 1962 462 2008 manos
474 1961 563 2024 peres
582 1941 714 2013 finditur,
737 1940 787 2020 qui
798 1939 906 2002 deinde
928 1941 1037 2004 iterum
1061 1941 1093 2003 in
1111 1941 1236 2004 arterias
1258 1943 1360 2006 iliacas
1383 1954 1413 2006 et
1432 1945 1478 2008 sic
1495 1945 1623 2010 ulterius
1637 1949 1823 2012 distribuun-

362 2057 421 2110 tur.
464 2045 498 2108 ln
518 2045 658 2108 umbilico
682 2043 812 2124 simplici
836 2045 891 2106 tria
913 2063 983 2106 vasa
1002 2045 1204 2120 inveniuntur,
1228 2064 1286 2108 una
1307 2066 1378 2110 vens
1402 2057 1433 2110 et
1448 2049 1523 2114 duae
1537 2052 1673 2126 arteriae,
1697 2071 1821 2133 querum

362 2151 451 2216 altera
474 2151 511 2212 ad
532 2151 655 2212 alteram
678 2149 787 2228 pelvim
810 2147 1011 2229 progreditur.

952 2363 1258 2374 ..———-——-—

668 2583 715 2676 V.
787 2581 889 2674 DE
950 2577 1514 2677 MELOMELIS.

467 2741 745 2839 Quamprimum
780 2737 1110 2814 melomelorum
1146 2761 1257 2833 genus
1283 2739 1425 2812 mndsre
1450 2739 1485 2814 l.
1515 2737 1738 2836 Gsollroy
1764 2739 1822 2814 St.

360 2877 535 2952 Hileire
561 2879 766 2952 inanimum
796 2874 939 2966 induxit,
965 2874 1032 2951 luo
1058 2878 1260 2974 praesertim
1291 2897 1390 2950 cesus
1415 2877 1643 2974 respiciebam
1680 2877 1821 2950 alterum

363 3037 382 3087 o
410 3037 450 3087 se
476 3017 552 3111 ipso
577 3017 611 3086 in
638 3033 793 3087 vervece
809 3009 844 3102 *)
879 3012 1021 3084 alterum
1057 3011 1132 3105 nl.
1159 3011 1223 3086 Fr.
1247 3011 1477 3086 bleolrelio'
1507 3015 1542 3084 in
1569 3022 1668 3086 anate
1695 3012 1822 3087 obser-

358 3159 485 3226 vatum.
537 3149 672 3224 Nostris
698 3147 905 3246 temporibus
932 3147 1209 3222 observationum
1235 3145 1301 3220 buc
1315 3151 1550 3246 pertinentium
1572 3170 1733 3222 numerus
1753 3145 1822 3221 ali-

360 3296 440 3383 quot
473 3286 643 3384 exemplis
670 3285 930 3374 edanensem,
971 3294 1006 3357 et
1029 3283 1156 3358 iudicat
1181 3283 1281 3358 simul
1306 3284 1394 3358 hanc
1429 3283 1677 3360 deformitatem
1702 3292 1822 3382 partlm

360 3425 503 3494 transire
537 3421 580 3494 ae
615 3419 778 3496 fabricam
812 3418 1082 3512 notomelorum,
1108 3421 1228 3514 partim
1257 3417 1298 3492 sd
1324 3419 1596 3517 pygomelorum.
1646 3421 1823 3494 Invenitur

365 3573 665 3584 ——..—--.-.-..

404 3641 433 3722 ')
453 3645 471 3702 l.
494 3662 518 3700 c.
540 3661 601 3718 paq.
625 3641 697 3702 278.
741 3643 812 3700 Dans
839 3661 876 3700 un
898 3651 976 3700 autre
996 3659 1056 3712 css,
1087 3660 1140 3716 que
1154 3644 1202 3715 j’ai
1224 3645 1395 3702 moi-meme
1414 3643 1529 3700 observe
1551 3644 1617 3700 claez
1642 3659 1679 3701 un
1707 3653 1821 3702 monton

445 3747 550 3816 adulte,
581 3747 647 3804 c'est
670 3763 770 3806 encore
792 3755 861 3804 cette
880 3747 968 3802 meme
997 3744 1161 3818 disposition
1183 3759 1237 3818 qne
1250 3747 1300 3817 j’si
1327 3743 1467 3802 observes.
1511 3743 1566 3800 Sur
1588 3743 1704 3818 l’epanle
1723 3743 1820 3814 enolto,

445 3849 508 3924 plus
531 3847 717 3906 volumineuse
737 3848 784 3922 qu’
804 3851 819 3904 t
841 3847 1016 3916 l'ortlinaire,
1040 3855 1068 3904 et
1094 3847 1319 3918 tres-difforme,
1351 3857 1414 3905 sont
1441 3843 1546 3903 inseres
1574 3849 1589 3902 t
1615 3845 1641 3903 la
1669 3845 1722 3902 lois
1751 3847 1819 3904 trois

445 3951 597 4020 membres,
622 3960 684 4008 tous
714 3949 768 4008 mal
790 3948 961 4018 conlormes,
991 3957 1019 4007 et
1040 3947 1178 4009 tellement
1200 3967 1253 4026 que
1274 3951 1391 4010 l'animal
1408 3967 1442 4009 ne
1464 3957 1546 4025 peut,
1569 3951 1635 4007 dans
1657 3949 1683 4008 la
1703 3950 1820 4020 marche,

445 4055 591 4130 s'appuyer
625 4067 674 4110 sur
701 4069 788 4112 aucun
816 4051 920 4110 d'entre
952 4069 1013 4112 eux.
1063 4051 1117 4110 Sur
1145 4071 1190 4112 ces
1216 4055 1286 4112 trois
1308 4053 1459 4124 membres,
1486 4051 1559 4124 l'un,
1587 4053 1775 4127 representem
1792 4051 1819 4111 le

444 4157 566 4218 membre
594 4156 732 4216 anterieur
765 4155 837 4213 droit
864 4156 900 4212 du
922 4153 993 4228 suist
1014 4155 1160 4230 priucipol,
1193 4167 1235 4214 est
1256 4155 1289 4216 cle
1310 4155 1447 4234 prandeor
1469 4155 1621 4225 ordinaire,
1641 4155 1707 4214 mals
1729 4153 1817 4230 dirige

446 4279 481 4320 en
502 4261 620 4320 arriere:
641 4259 682 4318 les
703 4258 784 4334 louge
804 4257 897 4318 sabots
920 4259 967 4333 qui
986 4257 1012 4316 le
1028 4260 1175 4318 terminent
1196 4260 1332 4330 viennent,
1354 4259 1457 4320 daosln
1474 4260 1592 4330 marche,
1614 4269 1721 4318 rentrer
1742 4267 1819 4316 entre

446 4365 487 4424 les
504 4366 575 4423 deux
592 4349 798 4422 extremites‘de
816 4364 843 4422 le
861 4364 936 4438 peire
954 4361 1133 4436 posterieure.
1176 4364 1227 4421 les
1238 4363 1308 4422 deux
1318 4365 1453 4422 membres
1468 4364 1642 4431 accessoires‚
1665 4360 1818 4420 coulootlus

447 4484 512 4524 sous
533 4467 573 4524 les
595 4469 697 4524 memes
718 4467 861 4541 tegumsns
883 4481 1001 4540 presque
1019 4463 1148 4540 jusqu’au
1169 4475 1249 4538 larse,
1269 4477 1332 4526 sont
1351 4465 1452 4543 diriges
1475 4483 1510 4526 en
1532 4465 1581 4524 bas
1603 4473 1629 4523 et
1649 4479 1683 4522 en
1700 4464 1817 4530 serieres

446 4568 588 4644 beaucoup
609 4569 671 4646 plus
689 4578 783 4628 coorto
805 4585 858 4643 qne
878 4568 905 4626 le
927 4566 1049 4628 membre
1065 4569 1210 4644 principat,
1240 4571 1274 4628 ile
1295 4571 1441 4632 s’lnsereut
1468 4587 1517 4628 our
1536 4566 1654 4642 l’epeule
1675 4567 1813 4628 immedie-

448 4681 548 4728 tement
570 4689 604 4730 au
633 4673 731 4732 devant
751 4669 859 4740 delui,
881 4679 908 4728 et
929 4669 948 4728 il
969 4669 1035 4728 s'est
1054 4673 1143 4730 rueme
1162 4671 1245 4731 etabli
1266 4683 1343 4732 entre
1364 4674 1405 4732 les
1425 4675 1493 4732 trois
1510 4669 1640 4728 humerus
1660 4687 1715 4730 une
1736 4669 1816 4742 unkr-

446 4773 515 4842 lose,
535 4773 599 4834 e’ou
617 4773 750 4835 resultent
769 4773 796 4832 la
817 4773 951 4834 ebertion
970 4791 1005 4833 eu
1026 4776 1130 4836 erriero
1149 4785 1177 4836 et
1190 4775 1371 4838 l'immobilite
1391 4793 1510 4854 presque
1530 4773 1664 4848 complete
1682 4775 1719 4832 eu
1733 4785 1815 4830 mean·

449 4875 499 4934 bre
520 4873 662 4952 principel,
