4716 5846
459 949 553 1010 ctat.
598 936 803 1000 vertebrarum
822 937 957 1000 columna
981 935 1147 1016 cyphosi
1169 936 1200 996 et
1221 933 1334 1015 splna
1359 933 1493 998 bit'lda
1513 936 1544 999 in
1565 938 1796 1018 posteriore
1819 941 1925 1006 dorsi

461 1045 637 1124 regione,
661 1040 803 1104 lumbis
827 1059 949 1121 usque
971 1041 1015 1100 ad
1037 1058 1079 1102 os
1109 1055 1261 1100 sacrum
1292 1041 1526 1118 pertinento
1554 1040 1764 1121 deturpata
1789 1053 1863 1107 est.
1884 1071 1925 1100 a.

462 1150 669 1224 alterations,
692 1147 762 1208 item
787 1141 947 1214 masculus,
970 1159 1073 1202 rerum
1097 1139 1322 1220 opodymum
1344 1137 1476 1212 exbibet,
1500 1141 1586 1222 cujus
1605 1152 1728 1223 utmqm
1743 1145 1837 1209 boica
1848 1149 1926 1210 mul·

461 1261 523 1318 urm
543 1252 634 1315 distat
653 1250 745 1313 altera
766 1249 802 1312 ab
823 1247 924 1310 altera.
969 1241 1215 1306 Hemicraoia
1247 1241 1418 1304 allectus
1454 1243 1611 1308 cerebri
1643 1245 1731 1310 loco
1762 1265 1925 1314 massam

461 1357 668 1434 larrrgoaam
691 1353 828 1424 oilerts
851 1365 965 1412 aures
988 1348 1084 1412 duae
1104 1345 1258 1418 lateralcs3
1281 1345 1413 1408 orbita
1436 1345 1697 1422 intermedia,
1720 1349 1751 1412 in
1775 1369 1832 1430 qua
1851 1351 1925 1418 dua

460 1457 586 1530 oculi,
608 1455 687 1518 sibi
714 1453 890 1531 contigui
913 1460 950 1512 et
971 1447 1195 1530 conjuncti,
1223 1447 1431 1529 palpebrarum
1455 1450 1529 1514 rima
1552 1459 1721 1514 transversa
1744 1462 1775 1514 et
1794 1452 1926 1532 longitu-

460 1561 553 1624 diooli
577 1559 700 1622 inclusa.
745 1557 882 1622 Truncus
905 1565 936 1618 et
956 1565 1038 1620 amus
1063 1553 1221 1616 normales.
1264 1553 1431 1615 Tertius
1468 1562 1830 1635 etquartuaagnus
1853 1557 1925 1621 item

460 1661 641 1741 opodymi
673 1669 741 1722 suut
763 1658 974 1740 cyclopici.
1020 1657 1142 1720 Tertius
1163 1655 1525 1735 agnushemiorania
1558 1656 1756 1721 laborarit
1784 1667 1813 1720 et
1838 1660 1954 1724 besu·

461 1765 580 1826 oculum
606 1763 746 1832 medium,
769 1761 876 1823 altiore
898 1761 963 1824 loco
985 1759 1173 1831 collocutum,
1197 1777 1283 1839 quam
1307 1767 1451 1840 quartus.
1473 1761 1558 1841 cujus
1580 1759 1719 1824 oculus
1741 1763 1926 1842 cyclopi-

462 1883 532 1950 cus
555 1864 660 1926 inter
683 1863 999 1946 utrumquelere
1021 1881 1062 1924 os
1085 1861 1271 1940 delapsus
1293 1869 1363 1924 cst
1406 1861 1535 1940 Propter
1556 1861 1737 1942 singularem
1759 1865 1821 1928 oris
1844 1875 1924 1928 stru·

462 1980 574 2032 cturam
598 1966 671 2028 baec
694 1965 752 2028 duo
776 1976 907 2030 monstra
932 1965 1050 2028 maximi
1071 1965 1173 2028 habeo.
1217 1965 1363 2040 Quoniam
1388 1983 1460 2028 vero
1483 1966 1643 2046 utriusque
1661 1965 1771 2028 lubrica
1803 1985 1836 2028 ea
1867 1975 1923 2042 est,

462 2079 504 2143 ut,
528 2069 554 2131 si
573 2069 645 2132 satis
668 2068 775 2130 claram
799 2069 881 2131 reddi
907 2069 958 2131 tibi
983 2068 1066 2138 velis,
1090 2069 1202 2130 lusiore
1216 2067 1419 2146 descriptione
1442 2067 1633 2146 supersederi
1653 2067 1731 2130 baud
1747 2069 1839 2137 tacite
1853 2089 1924 2150 pos·

463 2174 522 2246 sit,
544 2171 677 2251 graviora
700 2178 811 2231 tantum
833 2170 889 2233 hoo
912 2170 977 2232 loco
1000 2170 1141 2231 adnotare
1163 2169 1269 2249 placet.
1313 2169 1413 2230 Remi
1439 2170 1749 2232 mandibularum
1774 2171 1925 2234 interni

462 2277 500 2342 in
522 2273 747 2358 posteriore
775 2273 856 2334 line
878 2272 1109 2352 imperfecti
1134 2281 1164 2332 et
1185 2271 1291 2334 inter
1310 2289 1349 2332 se
1371 2273 1571 2346 concreti,
1604 2272 1692 2335 solito
1715 2293 1798 2336 more
1820 2275 1925 2341 denua

462 2378 629 2443 maxillares
649 2386 679 2438 et
702 2375 843 2437 incisivos
867 2375 975 2446 lerunt,
998 2383 1028 2435 et
1050 2374 1081 2436 in
1102 2375 1329 2454 posteriore
1352 2365 1459 2452 par'te
1482 2374 1728 2437 membranae
1751 2377 1832 2439 oris
1853 2397 1926 2440 nru-

462 2499 574 2544 cosae
606 2498 674 2560 ope
707 2477 843 2558 palato
880 2487 1216 2556 suspensaesunt.
1260 2477 1468 2538 Formatur
1499 2476 1569 2539 hoc
1592 2477 1804 2558 ligamento
1833 2499 1926 2542 sus-

463 2585 653 2668 pensorio
682 2579 792 2662 quasi
822 2591 977 2661 septum
1001 2582 1348 2654 membranaceum,
1380 2577 1457 2662 quod
1481 2580 1607 2644 mediam
1630 2581 1693 2643 oris
1713 2583 1867 2645 caritatem
1892 2581 1923 2644 iu

462 2699 576 2768 partem
600 2686 731 2748 dextram
754 2692 783 2744 ot
806 2681 958 2746 sinisiram
982 2683 1104 2746 dirimit
1149 2685 1230 2746 Pone
1254 2691 1371 2744 etanta
1394 2683 1586 2760 ligamentum
1610 2685 1762 2746 conlluuut
1782 2679 1837 2746 bae
1856 2704 1925 2766 par·

466 2801 534 2862 tes¹
559 2805 681 2868 quarum
715 2793 844 2865 utreque
868 2787 997 2868 linguam
1020 2785 1163 2850 continet
1207 2787 1241 2848 ln
1265 2795 1403 2867 quarto
1425 2785 1553 2860 loeta,
1586 2786 1651 2847 lana
1687 2787 1767 2848 lusca
1797 2786 1924 2860 obtecto,

464 2910 600 2956 novum
624 2891 760 2952 vitium
788 2890 1132 2969 deprehendimus.
1167 2887 1238 2952 Nam
1258 2889 1319 2951 bic
1341 2889 1610 2950 desideramus
1634 2887 1728 2950 «luas
1752 2887 1926 2952 dentium

465 2992 727 3056 maxillarium
751 2993 904 3068 series,
927 2995 1051 3074 quaein
1074 2994 1140 3056 aliis
1166 2993 1295 3055 loetibus
1318 3002 1453 3054 constant
1477 3013 1493 3054 e
1516 2992 1636 3054 sinistra
1659 2995 1739 3056 serie
1759 2995 1854 3058 dextri
1876 3013 1925 3058 ca·

465 3099 536 3182 pitis
559 3106 589 3159 ct
612 3098 713 3160 dextra
731 3095 845 3158 sinistri
867 3097 1038 3158 etoredium
1056 3097 1153 3159 solent
1167 3105 1269 3156 tenere
1282 3095 1420 3174 palatum.
1465 3093 1498 3155 ln
1519 3091 1575 3156 boc
1598 3104 1772 3157 monstro
1791 3095 1927 3178 opodp-

466 3221 533 3275 mo,
557 3201 635 3282 quod
651 3211 810 3280 utrumque
823 3207 910 3276 eaput
922 3197 1008 3259 babet
1021 3199 1111 3260 nimis
1124 3197 1211 3260 breve
1223 3207 1253 3258 et
1271 3198 1421 3272 obtusum,
1444 3197 1612 3278 palatum
1635 3197 1768 3260 durum
1793 3187 1926 3261 u¹trim=

466 3327 537 3390 que
559 3306 698 3368 lissum
722 3301 831 3382 esst).

461 3507 772 3524 W

507 3647 542 3728 1’)
585 3647 722 3716 Lectores,
746 3646 792 3720 qui
818 3647 843 3704 in
865 3655 1050 3704 monstrorum
1071 3643 1185 3703 historia
1206 3644 1249 3702 vel
1267 3643 1356 3702 obiter
1375 3645 1474 3701 versati
1493 3651 1565 3710 sunt,
1585 3641 1640 3716 jam
1665 3659 1697 3700 ex
1719 3641 1855 3699 succincta
1877 3639 1928 3698 bac

550 3752 733 3826 descriptione
770 3749 919 3822 intelligent
950 3747 1238 3807 mandibularum
1273 3747 1459 3809 lubricam
1494 3749 1527 3805 iu
1559 3747 1701 3806 duobus
1735 3745 1926 3822 opodymis

553 3851 628 3930 (nro.
653 3852 691 3910 5³
715 3861 742 3910 et
766 3849 806 3908 54
831 3853 966 3928 indicatis)
989 3869 1047 3910 eam
1069 3869 1138 3920 esse,
1157 3867 1226 3927 quac
1248 3853 1511 3926 augnathorum
1540 3849 1772 3910 'structuram
1797 3851 1822 3907 in
1854 3866 1927 3906 men·

551 3965 604 4013 tem
627 3956 707 4012 nobis
729 3971 859 4012 revocare
883 3953 971 4013 debet.
1015 3953 1081 4009 uam
1109 3954 1323 4010 mandibularum
1355 3957 1421 4013 rami
1445 3955 1593 4030 imperiecti
1615 3964 1642 4012 et
1665 3957 1691 4012 iu
1715 3955 1814 4013 molem
1837 3953 1926 4012 delor-

553 4071 624 4113 mem
647 4057 793 4125 commissi,
817 4073 932 4113 massam
956 4055 1084 4112 mobilem
1107 4055 1177 4113 inter
1198 4064 1340 4128 utramque
1362 4055 1481 4131 linguam
1504 4059 1582 4114 sitam
1606 4057 1768 4129 ostendunt,
1792 4059 1816 4116 io
1839 4075 1928 4132 quae

554 4156 680 4215 dentibus
711 4159 778 4216 sotis
807 4157 910 4214 ossium
941 4167 1036 4213 oatura
1066 4165 1155 4231 potest
1180 4158 1319 4231 cognosci.
1362 4158 1438 4216 conl
1464 4159 1494 4216 G.
1517 4158 1710 4218 Sandilort
1733 4160 1929 4234 beschouwiog

551 4273 604 4316 ean
632 4262 726 4333 ronige
753 4261 872 4317 actricem
902 4259 1104 4316 aoorlomeode
1133 4259 1345 4334 miarormingsa
1367 4275 1416 4316 aar
1439 4261 1485 4317 bet
1506 4260 1590 4316 bootd
1613 4275 1663 4320 van
1691 4263 1854 4337 viervoetipe
1875 4263 1929 4321 die·

554 4377 614 4420 reo.
660 4361 689 4416 lu
713 4362 807 4418 uisura
830 4361 1061 4435 Verbandelingen
1084 4362 1133 4419 der
1155 4371 1244 4420 eerste
1267 4361 1362 4420 ltlaaae
1384 4379 1434 4420 aaa
1464 4364 1508 4420 bet
1537 4365 1925 4440 loninktijlr·uederlaodsobe

553 4464 687 4521 institunt
731 4463 840 4518 munte
869 4461 939 4519 beel.
962 4481 1022 4538 pag.
1046 4463 1116 4521 lib.
1138 4465 1194 4540 rig.
1217 4465 1245 4522 ³.
1265 4468 1386 4524 cranium
1407 4465 1480 4522 rituli
1512 4469 1610 4526 maturi
1640 4487 1656 4526 a
1686 4467 1771 4528 latera
1792 4469 1928 4545 depictum

555 4575 605 4634 est,
624 4565 651 4622 in
673 4581 729 4640 quo
749 4563 815 4620 baec
836 4565 1006 4624 mandibulae
1027 4567 1170 4640 duplicitas
1186 4569 1277 4644 adeat;
1300 4569 1355 4644 mg.
1372 4570 1401 4626 d.
1424 4570 1544 4642 eiusdem
1575 4573 1650 4629 vituli
1681 4572 1853 4632 mandibulae
1882 4591 1923 4630 se·

514 4705 524 4758 ‘.
552 4668 670 4741 iunctae.
716 4664 801 4740 liujus
823 4669 907 4726 cranii
930 4669 1139 4741 descriptionem
1162 4671 1281 4731 insanies
1302 4689 1363 4746 pag.
1402 4673 1470 4730 1u7.
1497 4673 1643 4749 (llatlelmp
1672 4684 1726 4732 met
1758 4673 1929 4751 gedeeltetiJ'lr

555 4771 691 4832 dabbcido
708 4767 889 4845 anderlaat).
934 4770 963 4826 la
984 4771 1071 4844 capita
1098 4789 1181 4846 supra
1207 4791 1224 4832 a
1252 4773 1332 4832 nobis
1362 4775 1516 4852 tuamen,
1544 4776 1618 4852 quod
1641 4777 1761 4838 dentium
1784 4775 1928 4836 molarium

557 4873 641 4934 serica
663 4873 733 4933 duaa
752 4873 927 4934 intermediae
946 4871 1083 4944 deliciunt,
1095 4877 1223 4934 ·cranii
1253 4877 1454 4952 duplicitas
1473 4880 1577 4938 simul
1595 4880 1772 4940 minuitur
1790 4887 1819 4938 at
1839 4888 1929 4937 trau·
2048 4881 2054 4892 '
