4716 5846
1101 701 1147 790 ll

765 971 813 1064 u.
873 971 955 1068 un
995 941 1470 1064 nnsvuonnnrs

487 1181 565 1254 liuo
598 1175 665 1256 boo
697 1197 807 1270 genus
842 1196 946 1254 ansus
967 1180 1003 1254 ia
1029 1180 1129 1271 agnis
1162 1185 1240 1254 sumt
1263 1179 1459 1273 ooaspteu,
1485 1197 1570 1272 quos
1596 1201 1748 1254 memsam
1774 1205 1847 1257 no·-

382 1326 490 1392 strnm
524 1322 690 1390 asservat.
752 1311 861 1392 casus
903 1313 990 1390 elter
1021 1312 1169 1390 nondum
1204 1315 1395 1391 accuratius
1441 1316 1653 1389 examinatus
1687 1319 1723 1390 ia
1755 1338 1845 1410 agan

383 1461 531 1526 neonem
558 1449 665 1546 pedes
690 1451 908 1525 aooemorias
935 1447 1020 1524 duos
1048 1451 1082 1522 in
1109 1447 1302 1542 posteriore
1328 1447 1518 1524 abdominis
1534 1453 1679 1543 reginum
1695 1454 1845 1531 insertos

384 1585 537 1676 exbibet,
562 1589 796 1662 extremitates
825 1603 1107 1680 supervaoaueno
1141 1591 1220 1662 sunt
1244 1585 1454 1678 posteriores
1481 1594 1516 1658 et
1540 1595 1707 1684 nimature
1733 1609 1844 1680 regn·-

383 1722 473 1810 lari‚
512 1720 765 1812 elamoribus,
799 1719 972 1808 amanus,
1007 1718 1151 1814 pedibus
1173 1718 1356 1812 digitisque
1381 1719 1546 1794 distieom's
1572 1726 1785 1820 sumpositoe
1810 1733 1846 1798 et

385 1827 537 1952 penam
563 1855 720 1932 mollibus
746 1855 886 1946 alume,
912 1864 948 1930 ut
973 1854 1087 1930 ubivis
1111 1859 1244 1951 possint
1266 1853 1448 1946 dimoveri,
1474 1854 1674 1951 dacnidiqne
1709 1857 1845 1955 depen-

385 1993 498 2068 deant.
551 1991 643 2066 lnter
674 1991 805 2068 lentore
840 1994 1038 2067 nnoensorie
1071 1989 1298 2066 observantur
1322 1991 1411 2066 duna
1442 1991 1588 2090 papillae
1615 2000 1717 2086 atqrte
1742 1994 1886 2090 penlo‘

382 2151 474 2224 pone
501 2149 561 2202 eas
588 2136 745 2222 apertura
781 2130 849 2202 uui.
907 2127 1020 2202 bontas
1052 2127 1248 2200 insertionis
1284 2130 1536 2202 extremitatum
1572 2133 1843 2202 necessariarum
1931 2117 1934 2124 ’

381 2263 423 2338 ud
449 2266 619 2338 sinistrum
647 2262 795 2338 umbilici
820 2263 907 2336 letus
933 2271 999 2352 est,
1025 2283 1172 2355 quonum
1198 2259 1366 2336 iunioulus
1391 2263 1560 2354 regularis
1586 2264 1762 2337 eobnaret.

483 2399 584 2473 Alter
610 2419 711 2474 easns
735 2400 850 2494 priora
876 2395 980 2470 multo
1006 2392 1259 2468 memorabilior
1275 2404 1330 2469 est
1354 2405 1455 2490 ntqne
1474 2401 1506 2470 si
1532 2399 1611 2493 qnid
1626 2403 1843 2476 intersitne-

382 2539 474 2611 mine
505 2558 598 2610 novo
634 2537 702 2624 uti,
735 2525 875 2629 propter
905 2530 1113 2624 singulorum
1147 2533 1368 2604 insertionem
1410 2532 1536 2628 pedum
1570 2540 1843 2618 nnooeaoriorut

381 2669 685 2746 thoraeomeli
718 2673 829 2766 possit
863 2669 1001 2744 nanim
1031 2669 1233 2762 nuneupart.
1285 2667 1444 2756 Ammd,
1480 2667 1627 2744 abesto
1655 2671 1844 2744 Meeko*

380 2807 443 2884 lio
477 2810 513 2882 io
547 2808 697 2902 spiritum
723 2808 928 2895 immissum,
961 2801 1020 2878 vel
1059 2813 1237 2897 antequem
1273 2813 1505 2898 perronnetus
1539 2827 1635 2898 snm,
1664 2806 1735 2902 jem
1766 2811 1845 2905 pri·-

380 2967 437 3018 mo
465 2941 581 3018 obtutu
606 2945 776 3016 curiosum
810 2942 891 3016 milri
921 2942 1070 3015 animum
1104 2947 1280 3030 movmat,
1316 2949 1496 3036 propteroa
1530 2943 1622 3037 qnod
1655 2947 1744 3016 inter
1775 2967 1844 3042 pe-

380 3082 441 3158 des
482 3081 602 3156 solitos
643 3081 834 3154 anteriores
875 3082 911 3154 iu
955 3079 1062 3152 atomi
1104 3074 1172 3152 line
1214 3079 1386 3150 anteriore
1414 3074 1513 3152 binos
1548 3077 1656 3172 pedes
1690 3085 1843 3156 anterio-

379 3239 437 3292 res
464 3217 700 3292 observarem.
753 3215 905 3288 lnstituta
930 3214 1085 3287 serlione
1111 3233 1193 3286 mox
1220 3213 1374 3306 pompari
1408 3220 1546 3307 praeter
1570 3214 1693 3290 distem
1719 3216 1842 3312 pedum

381 3352 610 3448 duplicitatem
634 3355 747 3426 varias
774 3359 888 3446 partes
913 3357 1101 3422 struaturae
1128 3349 1220 3420 vitiis
1247 3347 1405 3424 laborare
1431 3358 1467 3422 el
1493 3350 1644 3424 datraota
1670 3363 1748 3424 oute
1765 3354 1843 3447 pri-

381 3509 471 3560 murn
497 3487 650 3562 intellexi
673 3487 780 3582 podes
807 3487 1023 3558 necessarios
1050 3483 1204 3556 dextrum
1233 3505 1309 3558 oum
1336 3486 1474 3559 sinistro
1510 3507 1608 3578 esse,
1644 3487 1706 3560 sed
1739 3509 1842 3562 oum*

380 3631 506 3696 mutato
522 3625 600 3712 situ,
627 3625 671 3696 ita
693 3633 729 3694 ut
748 3623 886 3694 sinister
906 3619 1061 3694 dextrum
1088 3616 1201 3691 loourn
1218 3628 1417 3712 essuperet,
1445 3630 1480 3692 et
1496 3625 1573 3693 vioe
1595 3645 1709 3696 verna.
1761 3621 1843 3694 Ma·

380 3762 434 3852 gis
466 3761 566 3830 etiarn
600 3756 748 3830 mirabar
781 3760 968 3845 rationem,
1001 3775 1066 3847 qsa
1102 3752 1220 3826 inserti
1246 3753 1270 3824 ii
1296 3761 1423 3828 essent.
1477 3755 1725 3852 Dependebaet
1750 3761 1841 3832 enim

383 3895 543 3992 scapulae
568 3893 763 3987 ligamentis
790 3891 969 3965 columnae
995 3887 1230 3964 vertebrarum
1247 3884 1373 3962 affixae
1399 3889 1556 3964 similiter
1576 3915 1618 3964 an
1637 3895 1841 3968 testudinum

379 4039 548 4106 structura
574 4029 743 4122 regularis
770 4035 836 4117 est,
862 4031 966 4100 oostis
991 4023 1161 4122 prioribus
1186 4032 1299 4098 tentum
1325 4036 1361 4100 et
1382 4026 1522 4100 thorace
1557 4033 1652 4123 quasi
1676 4028 1841 4104 mansae.

385 4167 482 4254 Quae
508 4165 632 4262 pedum
658 4163 858 4238 abundantia
882 4161 1047 4258 reliquam
1074 4159 1188 4234 laetus
1215 4161 1378 4236 labrioam
1407 4164 1544 4236 minime
1572 4167 1730 4238 intestam
1750 4167 1841 4238 reli·

382 4307 468 4398 quit;
495 4325 572 4376 uam
594 4299 696 4376 lanila
723 4298 1020 4398 deprehenduntur
1044 4301 1077 4370 in
1104 4301 1201 4394 spina
1227 4297 1333 4389 dorsi,
1360 4301 1466 4371 eostis
1492 4309 1529 4372 et
1553 4307 1671 4372 sterno
1697 4304 1841 4395 gravis·

382 4439 466 4512 sima
492 4443 588 4512 vitia.
639 4437 786 4512 anum
812 4439 909 4532 spina
936 4434 1030 4508 dorsi
1055 4437 1089 4508 in
1115 4436 1260 4526 reginam
1276 4434 1440 4508 cervicali
1459 4445 1494 4508 et
1513 4435 1686 4510 thoraoioa
1700 4437 1840 4510 multum

382 4571 585 4650 abhorrete
613 4573 745 4668 regula,
772 4597 848 4646 curn
873 4569 1055 4648 vertebrae
1080 4593 1101 4642 e
1129 4569 1264 4666 duplioe
1290 4569 1524 4644 vertebrarum
1552 4576 1645 4646 seria
1672 4581 1839 4645 mutan-

381 4718 434 4780 tes
467 4717 660 4804 appareant.
713 4709 832 4782 Series
870 4709 1006 4782 sinistro
1042 4705 1209 4798 regttlarls
1244 4709 1355 4799 magis
1390 4716 1427 4778 et
1448 4707 1570 4780 malins
1596 4708 1732 4781 evolute
1758 4728 1839 4777 ore·

381 4841 491 4918 dullae
518 4843 670 4916 canalem
696 4846 874 4918 continens
902 4841 942 4916 ab
971 4843 1093 4918 edente
1121 4852 1157 4914 et
1183 4842 1401 4941 spisbopbeo
1428 4841 1560 4916 coalitis
1588 4847 1678 4978 capit
1700 4843 1840 4914 initium.
