4716 5846
411 893 561 972 secunde
596 895 641 970 ad
665 905 797 970 sextam
828 893 1085 990 cartilaginibus
1109 917 1185 970 cum
1212 906 1328 972 sterno
1354 899 1560 994 commissae
1585 901 1621 973 iu
1644 903 1783 974 sinistro
1809 898 1868 972 le-

407 1043 503 1123 tara,
540 1039 684 1128 quocum
713 1035 761 1104 uti
781 1053 884 1128 supra
911 1030 1156 1120 animaduerti,
1191 1031 1233 1106 ah
1261 1035 1420 1130 opposito
1446 1032 1556 1106 latere
1581 1043 1699 1108 costae
1725 1035 1866 1136 donuae

409 1169 548 1244 anonas
569 1171 689 1264 spime
713 1170 790 1240 siva
816 1167 958 1240 dextrae
980 1170 1191 1260 conjunctae
1213 1176 1304 1242 sunt.
1353 1167 1527 1242 Habemus
1559 1171 1662 1264 igitur
1691 1171 1867 1248 thoracem

408 1305 537 1376 ossium
561 1325 704 1376 nomem
730 1311 766 1376 et
789 1301 898 1378 icrma
925 1303 1061 1399 qnidam
1086 1303 1299 1399 simplicem,
1333 1311 1500 1376 structura
1534 1325 1622 1380 uero
1649 1326 1696 1378 ex
1721 1305 1866 1384 dimidiis

409 1439 551 1514 duom·
577 1437 800 1534 embrponum
824 1443 1060 1536 compositum.

510 1573 591 1646 (issi
614 1595 714 1648 sacro
742 1597 782 1649 os
807 1578 1047 1650 innominatum
1070 1578 1241 1648 smmtrum
1267 1572 1459 1670 adaptatum
1485 1584 1562 1666 ast,
1597 1575 1687 1670 quod
1712 1576 1866 1654 normale

410 1709 563 1800 dicatur,
594 1712 625 1782 si
649 1731 825 1784 nnmerum
849 1722 886 1786 et
908 1715 1009 1784 situm
1033 1711 1239 1804 singularum
1265 1712 1410 1805 partium
1434 1713 1597 1806 respicis,
1631 1722 1666 1784 ct
1689 1713 1869 1809 symplysi

409 1845 531 1943 pudiea
564 1844 779 1940 conjunctum
812 1850 970 1922 invenias
1003 1869 1079 1920 cum
1115 1869 1197 1920 osse
1230 1849 1440 1920 innominatc
1467 1845 1588 1920 dextro
1616 1849 1737 1944 spinae
1762 1847 1868 1940 dorsi,

410 2005 510 2080 quam
543 1982 731 2054 normalem
764 1983 922 2056 diximus.
973 1982 1111 2073 Pelvis,
1138 2003 1227 2077 quac
1251 1981 1317 2054 lunc
1341 1985 1473 2056 ratione
1499 1980 1730 2056 conformetur
1755 1983 1869 2075 simili,

412 2141 478 2216 quo
499 2119 621 2192 thorax
646 2117 749 2192 modo
772 2123 973 2216 composita,
999 2143 1019 2192 a
1044 2119 1153 2215 pelvi,
1179 2139 1278 2212 quam
1306 2139 1408 2214 snpra
1435 2116 1691 2213 descripsimus,
1718 2139 1762 2194 eo
1788 2141 1870 2194 ma·

409 2256 591 2351 ximopere
614 2251 736 2344 diiiert,
763 2255 854 2349 quod
878 2253 921 2326 al
945 2257 1116 2328 anteriore
1142 2261 1237 2348 parte
1262 2252 1379 2326 clausa
1404 2254 1461 2342 sit,
1487 2275 1507 2324 a
1532 2257 1723 2347 posteriore
1739 2263 1868 2350 pateat,

412 2413 488 2465 cnm
522 2393 558 2462 in
591 2390 701 2462 altera
729 2390 824 2486 pelvi
856 2409 914 2463 res
947 2392 1087 2462 inversa
1112 2391 1168 2460 sit.
1221 2385 1266 2460 Et
1298 2397 1462 2481 quaenam
1487 2385 1550 2460 iuit
1574 2410 1781 2480 organorum
1806 2413 1868 2466 se·

360 2533 362 2538 ’
411 2527 561 2600 analium
588 2532 623 2596 ct
647 2527 766 2598 urinae
790 2523 1083 2621 receptaculorum
1108 2525 1196 2598 ratio
1226 2521 1270 2595 ad
1294 2521 1384 2596 hanc
1404 2519 1580 2596 mirificam
1605 2523 1757 2619 pelvium
1774 2536 1869 2600 stm-

412 2661 569 2734 cturam?
620 2659 754 2734 Utinam
780 2659 933 2733 licuisset
965 2659 1027 2734 has
1061 2667 1176 2756 partas
1202 2657 1310 2731 cultro
1330 2660 1508 2753 prosequi!
1560 2660 1648 2736 Ram
1670 2671 1788 2738 notatu
1811 2662 1871 2738 di·-

412 2799 610 2890 gnissimam
636 2815 719 2870 saue
745 2805 952 2892 compertam
980 2794 1113 2887 babuit,
1140 2797 1197 2890 qni
1221 2796 1359 2869 uiscera
1384 2798 1523 2870 exemit

515 2933 583 3006 Pes
610 2933 826 3004 accessorius
850 2936 886 3005 in
909 2931 1089 3006 acetabulo
1113 2930 1227 3028 pelvis
1254 2933 1474 3008 accessorius
1489 2931 1652 3024 haerens,
1675 2933 1768 3012 nullo
1783 2937 1868 3013 vitio

411 3069 475 3143 init
499 3071 652 3142 aliamue.
704 3068 819 3142 Pauca
845 3067 889 3142 de
915 3072 1031 3142 cronio
1058 3067 1191 3142 addam.
1245 3067 1382 3141 Ossium
1408 3069 1513 3142 cranii
1535 3067 1665 3146 fabrica
1685 3071 1763 3146 iere
1788 3095 1870 3148 om·

412 3207 493 3278 uino
521 3227 563 3276 ea
591 3214 657 3292 est,
685 3228 772 3302 quae
798 3209 834 3276 in
857 3203 1104 3302 hemiceplralis
1130 3207 1228 3300 spina
1255 3203 1363 3278 bifida
1381 3205 1513 3280 adactis
1528 3204 1744 3300 observatur,
1770 3211 1870 3286 rora-

416 3342 516 3412 minis
543 3344 658 3432 mrgni
682 3341 760 3413 loco
787 3343 824 3412 in
857 3343 1005 3437 occipite
1030 3341 1141 3416 hiatus
1166 3339 1253 3412 latus
1279 3338 1387 3414 adest.
1439 3339 1479 3416 lu
1507 3341 1616 3416 latere
1642 3352 1756 3418 tamen
1780 3347 1870 3418 sini·-
1981 3315 1983 3320 Ι

415 3483 487 3546 stro
514 3495 590 3544 cum
616 3449 706 3546 ossis
729 3476 916 3568 dragmatis
942 3487 978 3548 et
1004 3479 1159 3574 accipitis
1183 3474 1335 3548 residuis
1357 3477 1507 3550 ossicula
1529 3477 1690 3551 nonnulla
1723 3481 1870 3572 coujun-

245 3703 255 3718 .
416 3617 471 3680 cta
498 3611 673 3704 reperias,
703 3613 894 3684 arctissime
925 3615 1014 3686 inter
1038 3635 1080 3686 sa
1107 3619 1272 3701 connata,
1306 3632 1394 3707 quae
1424 3613 1524 3687 simul
1550 3633 1627 3686 cum
1651 3617 1749 3709 spina
1776 3613 1870 3690 dorsi

416 3743 537 3818 dextra
564 3744 760 3818 cohaerent
811 3743 883 3820 Vix
906 3745 1007 3819 aliam
1032 3744 1315 3841 significationem
1349 3749 1391 3820 iis
1419 3756 1683 3822 consentaneam
1708 3748 1870 3826 labeum

416 3903 514 3976 qnam
531 3880 670 3954 alterius
696 3884 824 3970 cranii,
855 3885 892 3956 in
916 3886 998 3980 ipsa.
1018 3884 1217 3958 evolutione
1243 3886 1424 3976 exstincti,
1448 3907 1547 3979 quum
1575 3907 1657 3963 ossa
1681 3885 1725 3958 ad
1751 3889 1870 3984 capitis

413 4039 552 4092 osseam
578 4037 780 4112 compagem
806 4018 1014 4093 hemicrania
1041 4020 1250 4116 deturpatam
1275 4023 1478 4118 pertinentia
1501 4024 1617 4095 onmia
1649 4023 1685 4096 in
1716 4043 1870 4120 conspe—

417 4163 508 4226 ctum
534 4155 684 4226 veniunt
736 4159 904 4250 Apertura
930 4158 1019 4248 nasi,
1046 4179 1133 4252 quaa
1156 4157 1262 4250 vulgo
1291 4155 1474 4253 piriiormis
1499 4167 1656 4249 vocetur,
1680 4157 1736 4234 hic
1757 4181 1869 4252 augu-

417 4300 471 4364 sta
499 4299 535 4362 et
565 4292 601 4364 in
633 4291 811 4386 superiore
846 4299 943 4387 parte
975 4291 1097 4384 latior,
1130 4315 1230 4388 qnam
1264 4296 1300 4366 in
1333 4291 1495 4368 interiore
1528 4303 1607 4386 est,
1630 4295 1719 4391 quod
1743 4295 1871 4392 pandet

418 4427 493 4498 siue
522 4423 623 4498 dudio
657 4424 700 4500 ab
733 4429 888 4520 augustia
921 4429 999 4503 cavi
1030 4428 1156 4502 nasalis
1180 4431 1300 4526 ipsius,
1324 4431 1512 4528 eademque
1535 4430 1580 4504 de
1606 4455 1710 4506 cause
1737 4431 1870 4507 orbitae
2004 4506 2020 4529 ,

418 4558 463 4633 ad
495 4563 601 4634 instar
634 4569 824 4638 sudaturus
857 4566 971 4640 avium
1004 4565 1070 4640 sibi
1099 4567 1278 4664 proximae
1302 4575 1468 4668 septoque
1501 4567 1677 4666 perforato
1703 4565 1808 4644 altera
1835 4569 1901 4684 iu¹

417 4697 559 4772 alteram
585 4707 770 4774 transeunt.

979 4889 1292 4902 -ΙἮ

1646 4955 1667 5022 l
