4716 5846
1227 657 1277 744 itt

519 867 665 961 pesitus,
689 874 803 938 umen
822 863 977 962 paralleli
1001 883 1071 938 non
1096 867 1174 939 sint
1225 863 1265 940 In
1290 863 1343 936 bis
1368 863 1523 940 omnibns
1550 865 1704 958 casibus,
1734 865 1852 962 quibus
1878 887 1981 942 mon-

520 1010 665 1075 strorum
693 999 873 1096 duplicium
900 1000 1032 1074 classes
1059 1021 1135 1074 cum
1163 1021 1277 1074 aarum
1306 999 1492 1092 ordinibus,
1517 1001 1702 1096 generibus
1730 1011 1765 1076 ct
1798 1001 1979 1098 speciebus

521 1136 748 1225 illustramur,
782 1139 896 1208 axium
922 1139 1009 1210 ratio
1035 1157 1173 1233 semper
1199 1159 1243 1208 ea
1270 1146 1365 1226 eret,
1401 1148 1437 1210 ιι
1462 1147 1576 1234 partes
1601 1136 1823 1230 embryonum
1850 1137 1980 1212 slmiles

520 1274 599 1346 sira
625 1269 711 1342 lines
738 1273 852 1344 axium
877 1273 1069 1346 anteriores
1096 1281 1130 1346 at
1156 1274 1366 1368 posteriores
1388 1275 1563 1368 utriumque
1581 1271 1777 1369 embryonis
1803 1273 1867 1348 sbi
1893 1297 1980 1371 pro—

517 1409 602 1480 ximi
631 1416 748 1480 essent
771 1416 873 1501 atque
897 1405 942 1480 ob
968 1407 1056 1480 banc
1080 1427 1239 1498 causam,
1266 1406 1344 1480 dnm
1370 1410 1560 1500 geminum
1587 1405 1676 1482 lusio
1702 1410 1836 1506 incipit,
1864 1408 1977 1484 foetus

519 1546 599 1618 slve
625 1541 791 1638 capitibus
815 1543 891 1616 sive
916 1542 1072 1640 pelvibus
1100 1541 1302 1616 coalescere
1330 1540 1505 1616 deberent.

623 1677 662 1750 ln
694 1679 760 1751 bac
781 1680 999 1754 schematice
1026 1678 1315 1752 demonstratione
1350 1677 1439 1750 baud
1462 1679 1601 1752 multum
1626 1684 1746 1752 mutari
1767 1679 1911 1773 sufficit,
1944 1691 1978 1754 ot

516 1815 641 1888 idonea
665 1813 834 1906 reddatur,
863 1833 926 1910 qun
951 1821 1177 1888 mensurnam
1196 1812 1429 1909 cepbalomela
1444 1813 1646 1888 formatione
1661 1813 1857 1888 adactorum
1877 1821 1975 1910 origo

520 1950 722 2046 explloettrn
774 1948 890 2044 ltaque
916 1949 1009 2042 linge
1036 1951 1149 2020 animo
1177 1950 1290 2019 axium
1317 1953 1482 2020 rationem
1507 1947 1630 2038 ulem,
1659 1969 1722 2042 qua
1749 1970 1867 2022 eorum
1892 1950 1977 2024 fines

519 2085 700 2158 dissimiles
725 2087 882 2180 proxime
909 2086 974 2158 sibi
1000 2093 1212 2181 opponuntur
1238 2104 1300 2156 seo
1326 2086 1629 2179 apropinquentur3
1657 2086 1771 2176 cog'ta
1799 2087 1888 2156 exim
1919 2085 1976 2157 al·-

516 2223 622 2293 terius
649 2219 844 2317 embrqonis
869 2217 904 2294 iu
931 2220 999 2293 line
1023 2217 1197 2292 anteriore
1225 2218 1266 2292 ab
1291 2218 1431 2293 alteriue
1454 2217 1520 2292 line
1543 2223 1735 2316 posteriore
1760 2224 1854 2313 tangi
1871 2241 1974 2316 posse

518 2367 553 2430 at
580 2355 682 2430 facile
709 2359 882 2451 intelliges
908 2367 986 2428 tunc
1011 2357 1105 2447 ficri,
1134 2364 1170 2428 ut
1202 2354 1287 2427 ulter
1312 2353 1426 2428 foetus
1459 2377 1522 2429 sno
1549 2359 1659 2453 capite
1685 2357 1821 2428 alterius
1846 2355 1975 2450 pelvim

517 2493 677 2566 offendat.
730 2493 815 2567 Gom
841 2510 928 2568 vero
952 2496 985 2564 in
1012 2479 1401 2586 utroquepclvislrtere
1417 2492 1525 2588 pedes
1539 2496 1701 2581 edentur,
1727 2490 1850 2586 pedem
1876 2495 1974 2588 prio-

515 2629 564 2700 ris
590 2627 703 2702 locius
730 2651 806 2701 cum
832 2629 970 2700 alterius
994 2629 1106 2721 capite
1128 2627 1315 2698 convenire
1341 2647 1488 2698 necesse
1515 2636 1577 2700 est.

618 2762 718 2834 Hanc
732 2766 844 2834 axium
870 2764 1036 2834 rationem
1053 2762 1088 2832 iu
1116 2764 1401 2835 commentatione
1424 2762 1538 2856 priore
1565 2785 1632 2836 non
1648 2765 1746 2856 tetigi
1774 2785 1918 2858 eamque
1934 2786 1973 2836 re

517 2917 602 2972 veru
628 2899 834 2970 rarissimam
862 2917 942 2970 esse
969 2919 989 2968 e
1016 2898 1134 2990 paucis
1157 2895 1466 2991 cephalomelerum
1493 2895 1628 2970 casibus
1654 2873 1768 2994 potest
1794 2898 1972 2988 concludi3

514 3029 620 3104 nihilo
637 3039 749 3104 tamen
765 3033 875 3103 minus
891 3053 966 3102 eum
984 3053 1231 3126 nonnumquam
1256 3031 1394 3106 obviam
1421 3036 1542 3104 venire
1566 3034 1649 3128 ipsis
1676 3031 1971 3106 observationibus

514 3164 691 3261 probatum
706 3173 769 3236 est
811 3163 867 3238 Ad
884 3163 1097 3260 procreanda
1113 3167 1346 3263 cepbalomela
1363 3189 1501 3264 semper
1517 3165 1647 3242 duobus
1663 3168 1869 3262 germinibus
1887 3191 1971 3265 opus

515 3321 609 3390 esse,
635 3297 870 3373 lubentissime
897 3301 1035 3394 quilibet
1061 3303 1240 3392 concedet,
1267 3305 1322 3396 qui
1349 3306 1382 3376 in
1408 3303 1615 3378 evolationis
1641 3304 1779 3377 historia
1809 3304 1867 3376 vel
1891 3303 1972 3378 ebi-

514 3445 567 3510 ler
593 3446 750 3510 versatus
777 3445 848 3527 est;
881 3460 960 3511 uam
994 3460 1137 3532 germen
1171 3440 1312 3512 alterum
1346 3441 1381 3512 in
1404 3437 1532 3512 loetum
1559 3447 1722 3532 mutatur,
1757 3444 1812 3534 qui
1848 3441 1972 3538 pedem

513 3595 807 3671 supervacaneum
841 3578 948 3668 gerit3
977 3575 1116 3648 alterum
1152 3598 1294 3668 germen
1328 3574 1370 3647 ad
1397 3573 1634 3650 formalionem
1662 3575 1757 3669 hujus
1783 3577 1880 3672 pedis
1908 3599 1970 3647 re-

513 3713 662 3806 quiritur.
716 3710 756 3784 ln
783 3711 904 3806 vulgus
930 3721 1044 3785 notum
1072 3722 1125 3787 est
1148 3713 1255 3809 pedes
1283 3736 1305 3788 e
1330 3712 1462 3786 laminis
1490 3711 1757 3788 abdominalibus
1786 3714 1881 3800 oriri,
1908 3711 1969 3782 bas

512 3845 654 3922 luminas
689 3869 776 3922 roro
811 3847 943 3918 laminis
978 3847 1166 3920 dorsalibus
1198 3851 1409 3944 posteriores
1437 3872 1529 3922 esse.
1582 3849 1795 3944 Quapropter
1822 3851 1857 3916 ul
1877 3846 1968 3938 prius

513 3980 622 4052 adsint
646 3982 790 4056 laminae
817 3977 982 4067 desesiae,
1008 4002 1096 4074 quae
1123 3980 1163 4052 ad
1191 3985 1299 4076 ipsum
1335 3984 1530 4078 embryonis
1554 3985 1634 4054 axin
1662 3978 1967 4076 cerebrospinalem

512 4117 695 4212 pertinent,
720 4126 756 4188 ut
780 4123 856 4211 post
883 4113 1016 4186 demum
1043 4112 1150 4209 pedes
1173 4113 1285 4186 foetus
1313 4117 1517 4192 conformari
1541 4120 1683 4216 possint,
1712 4139 1730 4188 a
1760 4115 1969 4186 conditioni-

510 4248 574 4324 bus
601 4251 804 4324 evolationis
827 4249 1036 4346 praescripta
1062 4247 1121 4320 lex
1148 4249 1306 4345 postulat
