4716 5846
500 944 650 1017 Primum
677 941 812 1018 ossibus
837 944 1046 1040 praeparatis
1072 947 1108 1015 et
1133 946 1331 1040 expurgatis
1357 947 1516 1018 attonitus
1539 966 1660 1020 errore
1681 948 1859 1046 deceptum

395 1103 453 1156 nnc
478 1081 587 1154 luisse
610 1083 720 1154 statim
744 1079 915 1168 intellexi3
942 1101 1022 1153 nam
1049 1100 1114 1175 pes
1138 1082 1356 1154 accessorius
1382 1083 1501 1154 nonis
1528 1093 1599 1174 eet,
1633 1084 1677 1157 dc
1703 1107 1768 1180 quo
1795 1109 1860 1161 su·

396 1218 619 1324 prescripsi,
645 1214 709 1288 aad
733 1213 806 1305 ille,
831 1235 931 1311 quem
957 1215 1127 1286 sinistrum
1155 1215 1350 1308 regularem
1379 1216 1460 1290 dixi.
1513 1219 1621 1292 Simul
1636 1221 1861 1298 animaduerti

397 1353 488 1426 lunc
523 1351 645 1448 pedem
679 1373 747 1450 ope
781 1349 961 1424 columnae
998 1349 1203 1424 nominalis
1235 1349 1374 1425 alterius
1404 1375 1467 1449 per
1504 1353 1641 1448 aliquod
1674 1361 1860 1453 epatiuma

397 1488 576 1578 columna,
602 1508 699 1581 quam
724 1485 920 1579 regularem
947 1507 1078 1558 vocare
1104 1485 1241 1583 placet,
1267 1496 1450 1583 separatae
1476 1511 1553 1561 cum
1581 1493 1693 1586 capite
1720 1493 1796 1586 ipso
1823 1501 1858 1566 et

397 1631 516 1698 runco
541 1623 744 1696 cohaerere.
794 1620 1022 1695 Formationis
1050 1643 1231 1713 excessus,
1258 1625 1371 1717 quiin
1398 1633 1542 1698 externa
1570 1627 1710 1697 monstri
1739 1628 1859 1721 specie

397 1779 438 1833 se
470 1757 618 1856 prodidit
650 1767 777 1830 tantum
806 1757 895 1852 pede
928 1761 1148 1872 accessopio,
1177 1742 1343 1832 ¹exorruina
1377 1759 1527 1833 fabricae
1562 1763 1718 1832 internae
1755 1760 1860 1854 iacto,

397 1894 441 1967 ad
465 1894 704 1968 formationem
728 1895 804 1964 axis
830 1891 1115 1988 cerebrospinalis
1140 1893 1254 1966 foetus
1288 1895 1427 1967 alterius
1461 1916 1669 1990 progressus
1704 1919 1861 1990 cognos-

398 2032 496 2102 citur.

499 2164 573 2241 Sed
597 2175 810 2238 transeamus
837 2163 880 2236 ad
904 2166 1151 2236 accuratiorem
1185 2162 1307 2236 sceleti
1340 2163 1622 2261 descriptionem,
1657 2190 1743 2263 quae
1779 2171 1861 2242 satis

397 2301 497 2376 nobis
529 2301 682 2374 facesset
712 2301 853 2394 nogotii.
907 2299 1043 2373 Ossium
1077 2302 1233 2372 nimirum
1267 2309 1434 2372 structura
1469 2311 1504 2374 et
1535 2325 1647 2376 naxus
1682 2313 1859 2398 tantopere

397 2438 556 2511 dillerunt
581 2463 601 2510 a
626 2436 758 2531 regula,
784 2447 821 2508 ut
837 2434 975 2508 difficile
1001 2437 1046 2507 sit
1069 2439 1187 2531 paucis
1212 2434 1330 2510 verbis
1357 2447 1393 2508 et
1418 2439 1493 2509 sine
1519 2440 1673 2514 iconibus
1698 2461 1772 2511 eam
1799 2438 1859 2510 le-

399 2573 548 2650 nioribus
573 2577 788 2671 perspicuam
815 2571 972 2644 reddere.
1024 2571 1158 2645 Adsunt
1184 2573 1302 2666 spinae
1329 2571 1422 2646 dorsi
1448 2573 1558 2665 duae,
1590 2575 1696 2647 altera
1725 2573 1857 2665 dextra,

398 2731 497 2806 quam
522 2710 717 2804 regularem
740 2710 883 2797 vocavi,
911 2707 1018 2780 altera
1044 2709 1180 2780 sinistra
1205 2709 1284 2780 sive
1299 2711 1516 2798 accessoria;
1539 2719 1679 2804 utraque
1702 2713 1799 2806 spina
1823 2711 1857 2780 ia

396 2856 496 2944 parte
521 2846 645 2920 dorsali
670 2855 706 2918 ct
731 2844 893 2918 cervicali
919 2843 964 2916 ad
989 2853 1090 2938 caput
1113 2863 1221 2938 usque
1247 2853 1301 2916 est
1327 2843 1490 2935 confusa,
1527 2848 1561 2916 in
1594 2855 1691 2941 parte
1717 2843 1860 2916 lumbari

397 2993 435 3058 et
459 2985 583 3058 sacrali
619 2982 718 3056 distat
746 2982 853 3053 altera
889 2978 931 3050 ab
967 2977 1086 3052 altera.
1139 2977 1308 3051 Numerus
1342 2978 1575 3053 vertebrarum
1613 2980 1693 3054 colli
1718 2990 1861 3078 propter

398 3123 653 3194 concretionem
685 3120 858 3211 utriusque
892 3117 1012 3210 apinae
1048 3123 1083 3188 et
1107 3112 1311 3219 brevitatem
1347 3113 1427 3188 colli
1451 3125 1545 3187 certe
1572 3124 1690 3212 nequit
1714 3117 1858 3208 deliniri,

396 3257 534 3330 videtur
557 3265 672 3329 tamen
696 3253 878 3348 regularis,
903 3249 1042 3324 latitudo
1069 3253 1219 3324 cervicis
1251 3253 1431 3344 insiguiter
1455 3261 1599 3345 augetur
1624 3254 1746 3328 additis
1770 3275 1860 3328 ver-

398 3392 506 3466 tebris
531 3395 689 3466 sinistris.
741 3391 842 3480 Quod
869 3409 967 3484 quum
997 3390 1033 3459 in
1059 3387 1268 3460 hemicrania
1295 3409 1445 3484 semper,
1472 3396 1541 3460 tum
1568 3390 1625 3463 hic
1656 3393 1755 3462 etiarn
1789 3389 1858 3462 ob-

399 3539 568 3622 servatur,
594 3531 749 3602 nimirum
775 3526 868 3599 basis
892 3526 999 3598 cranii
1024 3526 1183 3619 superior
1208 3523 1343 3598 dilatata
1370 3534 1404 3596 ct
1424 3546 1583 3598 convexa
1610 3532 1732 3620 magis,
1756 3549 1856 3621 quam

399 3687 575 3756 concava,
610 3687 695 3760 quae
729 3665 898 3738 foramine
932 3659 1103 3756 occipitali
1128 3661 1277 3733 maximo
1311 3663 1346 3732 in
1373 3659 1527 3732 canalem
1553 3660 1775 3736 medullarem
1798 3665 1857 3734 in-

401 3807 590 3901 trospicere
617 3786 789 3899 permittit,
816 3799 858 3872 ab
882 3801 979 3871 initio
1003 3798 1152 3886 unicum,
1178 3803 1257 3891 post
1279 3794 1513 3875 divaricatum.
1564 3797 1692 3892 Spirae
1714 3796 1857 3870 dextrae

399 3941 540 4015 inferior
565 3957 645 4035 pars
673 3935 889 4009 dextrorsum
914 3943 950 4008 et
972 3941 1162 4006 anuorsum
1188 3938 1342 4004 contorta
1363 3941 1428 4021 est,
1453 3940 1489 4002 ut
1516 3933 1606 4005 ossis
1632 3935 1722 4006 sacri
1746 3931 1858 4006 iacies

403 4075 460 4152 aab
495 4076 616 4148 dextra
646 4072 747 4146 axilla
775 4073 910 4164 jaceat,
941 4069 1107 4162 hujusque
1133 4067 1254 4164 spineo
1280 4065 1484 4159 tenebrae,
1521 4089 1606 4162 quae
1641 4071 1675 4142 in
1711 4071 1858 4162 regiona

405 4213 540 4286 lumbari
555 4221 591 4286 et
606 4210 728 4285 sacrali
754 4218 842 4300 sunt,
870 4227 1008 4280 arcuum
1036 4200 1189 4275 cruribus
1213 4202 1405 4299 patentibus
1432 4207 1562 4300 spinam
1579 4203 1716 4278 bifidam
1733 4215 1881 4278 ostea-·

417 4347 493 4422 dunt.
543 4347 628 4421 Cum
644 4345 764 4418 dextra
781 4347 879 4442 spina
895 4341 1129 4438 copulantora
1147 4339 1269 4412 dextro
1294 4339 1403 4411 latere
1426 4339 1546 4410 decem
1563 4350 1692 4412 costae.
1744 4339 1857 4412 Prima

423 4477 602 4558 boundma
635 4482 807 4557 secundae
842 4479 1099 4552 accuratissime
1123 4474 1304 4567 incumbit,
1330 4495 1420 4548 nona
1446 4482 1482 4548 et
1507 4473 1640 4547 decima
1666 4471 1709 4545 ad
1734 4484 1859 4548 extre-

419 4618 551 4692 mitatum
576 4616 823 4692 abdominelcm
846 4622 1011 4690 cannatae
1038 4621 1127 4686 sunt.
1178 4609 1283 4684 Costa
1309 4608 1459 4685 secunda
1491 4609 1533 4681 ad
1568 4612 1716 4704 quinum
1747 4607 1856 4682 dextri

413 4747 530 4826 latetis
558 4755 807 4848 cartilaginibus
842 4773 918 4825 cnm
951 4759 1069 4824 sterno
1106 4750 1322 4822 committitur
1354 4751 1502 4842 itemque
1535 4743 1769 4838 cartilaginea.
1818 4743 1853 4816 A

413 4890 548 4962 sinistro
571 4891 672 4968 latere
698 4889 778 4964 huic
804 4891 925 4987 spinae
951 4910 1021 4963 non
1047 4896 1125 4961 sunt
1140 4889 1205 4962 nisi
1224 4893 1342 4962 cosme
1360 4887 1505 4980 quinque
1522 4881 1581 4954 val
1595 4903 1673 4970 sex,
1700 4897 1854 4950 enorme
