4716 5846
1059 638 1111 730 bl

219 859 233 882 ·
356 847 539 912 invenimus.
583 849 746 912 vertebrae
764 849 925 912 curriculus
947 849 1103 931 usquead
1125 849 1628 938 domumbttdaeerauuuoque
1658 854 1751 916 latere
1768 850 1819 918 inL

254 961 257 970 ’
354 959 402 1012 toa
422 967 456 1012 so
478 961 633 1014 omeretae
655 961 741 1025 suxit,
771 953 915 1014 cimolia
937 953 1016 1015 colle
1039 951 1301 1034 cypbosisadest,
1331 953 1478 1018 medullae
1498 975 1569 1018 veru
1590 969 1685 1036 usque
1706 957 1744 1018 ad
1767 975 1819 1020 caa

356 1058 410 1132 put
429 1052 565 1132 duplices
587 1063 617 1115 et
639 1063 810 1133 segregatae
831 1055 981 1117 ridentur.
1025 1056 1096 1118 dlae
1118 1057 1193 1118 duae
1213 1057 1372 1130 laterales,
1393 1060 1563 1137 regulares,
1596 1061 1700 1122 dextra
1720 1061 1816 1122 dextd

355 1154 472 1230 luctus,
503 1157 627 1220 sinistra
649 1156 785 1232 sinistri3
814 1170 969 1240 praeterea
988 1160 1033 1222 ala
1059 1161 1146 1222 tertia
1167 1161 1344 1224 intermedia
1365 1163 1501 1241 proxime
1523 1164 1579 1225 sub
1611 1164 1697 1242 spina
1728 1163 1817 1226 bifida

354 1259 450 1324 tdlxt.
493 1259 593 1324 Pedes
613 1270 740 1342 quatuor
761 1263 928 1342 regtdaraa,
952 1263 1013 1324 due
1034 1263 1193 1344 altiusque
1214 1263 1342 1336 auseris,
1366 1264 1451 1344 crrjas
1469 1277 1570 1345 partes
1592 1266 1817 1346 hypogastricae

354 1363 476 1428 omuino
498 1361 636 1442 duplices
655 1372 735 1426 sunt
779 1355 1050 1444 beradelpbis
1073 1364 1130 1427 hoc
1151 1373 1317 1426 monstrum
1339 1365 1574 1429 adscribendum
1594 1386 1762 1430 censemus.

455 1468 596 1547 Septem,
626 1466 676 1546 qui
697 1485 780 1530 nuuc
800 1476 969 1548 sequnntur
988 1468 1087 1530 arium
1109 1466 1339 1530 domesticarum
1362 1469 1456 1548 pulli,
1487 1471 1629 1534 nimirum
1652 1472 1816 1546 columbaat

355 1569 500 1649 gallinae,
521 1570 617 1631 acetis
635 1579 665 1631 et
684 1568 811 1642 auseris,
834 1569 968 1632 diuersae
980 1569 1210 1648 diprosoponnn
1223 1569 1416 1634 lormatioues
1429 1571 1519 1634 nobis
1535 1583 1696 1652 maecum.
1739 1573 1817 1636 Foe-

355 1683 404 1736 tuo
427 1673 458 1734 iu
478 1671 587 1752 spiritu
609 1672 671 1734 sini
694 1683 897 1735 asservantur.

455 1803 512 1884 tt)
557 1809 802 1882 columbeio,
836 1809 1105 1880 lerematura,
1134 1821 1215 1868 cum
1237 1816 1353 1884 parta
1374 1805 1514 1869 vitelli
1538 1812 1817 1890 appendicula.

352 1905 386 1972 ln
410 1910 514 1974 dextro
537 1913 633 1992 capite
655 1913 745 1976 rostri
769 1932 840 1993 pars
861 1913 1017 1993 superior,
1042 1921 1165 1991 excepto
1189 1911 1298 1990 exiguo
1319 1911 1463 1986 residuo,
1496 1911 1596 1986 abest;
1625 1911 1695 1975 item
1719 1914 1819 1994 lingua

354 2023 402 2076 eat
439 2029 582 2097 perquam
616 2017 731 2096 exigua.
794 2017 857 2079 Ora·
894 2017 1055 2095 utriusque
1088 2013 1179 2075 rostri
1201 2023 1272 2075 sunt
1295 2023 1439 2092 separata.
1485 1999 1579 2076 'lotus
1603 2013 1697 2076 cranii
1721 2017 1819 2078 lorrrix

355 2118 544 2183 desideratur
567 2141 623 2183 nna
646 2141 712 2183 cum
735 2119 914 2199 eccephalo‚
950 2099 1073 2182 coulluit
1097 2117 1190 2179 cranii
1214 2118 1323 2178 caritas
1345 2131 1412 2178 cum
1434 2117 1539 2178 orbitis
1561 2127 1684 2196 propter
1708 2117 1819 2198 imper-

353 2223 460 2285 lectam
489 2221 602 2285 ossium
631 2223 725 2285 cranii
748 2237 931 2299 compagem.
979 2219 1138 2280 vertebrae
1162 2217 1230 2279 colli
1255 2219 1330 2279 duae
1354 2228 1423 2279 suot
1444 2219 1532 2279 lissae
1556 2222 1585 2280 iu
1608 2231 1692 2299 parte
1716 2231 1819 2301 poste·

351 2327 442 2390 rioro.
487 2328 572 2390 Oculi
595 2327 750 2406 utriusque
774 2323 880 2404 capitis
903 2321 1032 2394 interni,
1065 2337 1242 2402 quamquam
1266 2319 1402 2391 linltiml,
1425 2328 1523 2382 tamen
1546 2322 1672 2401 sejuncti
1696 2333 1726 2385 et
1746 2343 1818 2404 pro·

351 2432 427 2510 priis
448 2431 599 2510 palpebris
622 2430 703 2491 tecti.
748 2426 891 2510 lleliquae
913 2427 1009 2488 uunci
1032 2433 1132 2505 partes
1155 2435 1185 2486 et
1208 2421 1410 2485 extremitates
1432 2441 1536 2486 omnes
1561 2427 1719 2488 naturales.

456 2566 511 2646 to)
556 2567 767 2630 d-naticula
802 2563 1085 2648 diprosopica,
1121 2580 1196 2643 quae
1227 2558 1421 2640 occipitis
1451 2570 1559 2640 parte
1587 2562 1820 2642 posteriore

352 2679 479 2745 earet,
516 2670 628 2750 spina
650 2669 775 2732 bifida
799 2687 916 2749 supra
939 2685 1074 2728 omnes
1098 2664 1194 2727 colli
1215 2663 1422 2726 vertebras
1446 2683 1540 2744 usque
1563 2666 1599 2726 ad
1623 2665 1745 2728 dorsum
1765 2685 1818 2729 ex·

351 2779 446 2832 tensa.
489 2771 596 2834 Rostra
631 2773 787 2853 utriusque
821 2771 926 2850 capitis
947 2770 1041 2848 magis
1063 2787 1080 2830 a
1102 2787 1136 2830 se
1158 2767 1287 2828 invicem
1311 2767 1441 2839 distant,
1471 2785 1558 2848 qnam
1583 2769 1613 2830 in
1636 2768 1817 2846 columbula,

310 2928 315 2938 .
352 2891 479 2955 eamque
504 2873 542 2936 ob
564 2893 684 2937 cansam
706 2877 795 2937 etiam
817 2874 895 2936 oculi
919 2872 1029 2936 interni
1052 2870 1172 2951 longius
1194 2870 1271 2958 alter
1291 2869 1329 2930 ab
1350 2869 1444 2932 altero
1467 2871 1583 2932 remoti.

455 3007 506 3072 76.
531 3009 586 3086 77)
630 3011 733 3076 Pulli
756 3011 976 3092 gallinacei
1000 3012 1091 3084 duo,
1123 3012 1173 3092 qui
1196 3011 1300 3072 eadem
1324 3010 1387 3072 lere
1410 3017 1557 3072 structura
1579 3009 1747 3085 excellunt,
1781 3029 1817 3072 ac

351 3112 519 3174 columbnla
541 3123 572 3175 et
594 3115 757 3190 anaticula;
779 3134 847 3178 nam
869 3116 1008 3180 oculos
1031 3116 1141 3178 habeut
1159 3126 1347 3198 quatuor,
1381 3133 1486 3178 omues
1516 3114 1686 3195 sejunctos,
1720 3124 1816 3178 rostra

352 3217 502 3281 duacum
525 3220 628 3282 oribus
653 3221 781 3293 dnobus,
797 3221 868 3282 item
892 3221 1025 3300 sejuncta
1049 3227 1078 3281 et
1101 3219 1299 3298 divergentia.
1344 3219 1389 3280 dd
1412 3217 1485 3280 haee
1499 3219 1709 3298 duplicationis
1731 3219 1816 3298 signa

350 3321 496 3382 accedunt
518 3321 567 3382 illa
592 3322 778 3384 formationis
799 3323 880 3395 vitia,
904 3341 979 3402 quae
997 3323 1058 3401 jam
1082 3339 1174 3402 supra
1195 3321 1316 3401 saepius
1339 3339 1407 3382 cum
1428 3320 1467 3381 iis
1493 3321 1660 3382 consociata
1675 3321 1815 3392 vidimus,

350 3421 491 3484 nimirum
513 3423 755 3486 hemicrania
777 3434 807 3487 et
827 3427 942 3504 spina
972 3427 1109 3488 laisida.
1153 3427 1442 3508 lniodymorum
1474 3423 1659 3486 lubricam
1678 3423 1709 3484 iu
1730 3441 1817 3484 mon·

350 3525 421 3586 stris
444 3525 501 3588 sub
522 3528 657 3590 numeris
680 3527 807 3590 tt—tt
832 3530 992 3610 descriptis
1014 3531 1103 3593 nobis
1125 3547 1285 3592 occurrere
1306 3529 1393 3592 lacile
1416 3527 1617 3606 cognoscitur.

454 3655 505 3722 78.
528 3657 582 3739 79)
627 3663 705 3724 nuo
736 3664 836 3742 pulli
868 3665 1087 3744 gallinacei
1121 3665 1320 3746 diprosopici,
1344 3669 1394 3748 qui
1417 3667 1698 3748 adopodgmos
1721 3663 1815 3746 parti-

350 3769 439 3834 nent;
472 3771 597 3844 uterque
622 3765 700 3826 enirn
723 3765 823 3844 pullus
853 3766 1083 3848 cyclopicus
1106 3778 1168 3842 est,
1198 3769 1261 3832 siue
1283 3770 1369 3830 oculo
1393 3766 1679 3832 tertiointerruedio
1703 3787 1719 3829 e
1740 3767 1816 3830 duo-

350 3865 406 3928 bus
429 3867 594 3945 coniposito
616 3870 778 3950 praeditus.
822 3873 956 3936 Alterum
978 3883 1146 3936 monstrum
1168 3892 1235 3936 cum
1259 3893 1346 3936 sacco
1362 3872 1508 3935 vitellario
1523 3891 1591 3934 cnm
1614 3870 1717 3950 pullis,
1740 3890 1816 3952 quo·

350 3987 417 4033 rum
440 3973 530 4034 modo
553 3977 734 4037 mentionem
755 3977 891 4052 lecimus,
915 3998 950 4040 eo
972 3979 1137 4051 consentit,
1171 3976 1250 4058 quod
1272 3996 1321 4038 ora
1345 3977 1442 4038 adhuc
1462 3987 1596 4056 separata
1617 3983 1697 4037 suut.
1741 3971 1815 4036 dni-

350 4075 545 4138 madvertitur
567 4065 688 4158 quidem
710 4077 950 4144 hemicrania
972 4081 1132 4142 altioris
1155 4079 1297 4160 gradus
1317 4079 1348 4142 ln
1368 4081 1416 4142 his
1438 4078 1573 4150 aviculis,
1595 4077 1736 4158 spinae
1759 4077 1816 4139 bi·

352 4181 460 4244 lidae
490 4183 697 4262 uestigium
729 4185 790 4246 uix
820 4185 942 4246 adest
987 4184 1072 4247 Ocull
1107 4183 1165 4245 duo
1188 4183 1321 4262 contigui
1344 4192 1374 4245 at
1395 4182 1527 4245 concreti
1550 4191 1688 4262 apertura
1710 4179 1815 4262 palpe-

349 4283 470 4346 brarum
491 4285 721 4360 circumdantur,
743 4305 817 4368 quae
840 4285 980 4366 trianguli
1003 4287 1127 4348 sormam
1150 4287 1214 4348 lere
1236 4294 1352 4368 aequat
1395 4285 1431 4347 Io
1450 4283 1543 4347 altero
1575 4293 1710 4348 monstro
1740 4302 1814 4364 ocu7

350 4383 397 4446 lus
420 4387 548 4462 medius,
570 4388 705 4468 simplex,
725 4389 779 4450 sed
801 4407 816 4450 e
840 4388 956 4452 dnobus
979 4387 1074 4451 oculis
1097 4389 1270 4452 lateralibus
1292 4389 1475 4470 compositus
1497 4393 1593 4467 major
1616 4407 1652 4450 ex
1675 4397 1815 4468 apertura

349 4473 475 4550 rotunda
494 4491 653 4569 prominet.
697 4491 857 4572 Utriusque
878 4491 968 4553 rostri
988 4491 1083 4555 rictus
1105 4493 1227 4556 coullult
1248 4493 1280 4556 in
1298 4513 1387 4556 unam
1409 4493 1472 4556 oris
1491 4501 1659 4573 aperturam
1688 4511 1813 4576 eamque

350 4589 517 4656 maximam.
561 4595 738 4657 Deformitas
762 4595 904 4676 quaedam
923 4603 1020 4656 exstat
1041 4594 1073 4656 in
1095 4595 1211 4658 duobus
1234 4596 1352 4670 rostris,
1378 4596 1494 4677 quaein
1511 4593 1717 4660 mammalibus
1734 4591 1816 4658 lrand'

350 4713 435 4768 rara,
470 4694 502 4756 in
524 4695 629 4759 avibus
651 4716 668 4758 a
690 4696 777 4760 nobis
798 4696 954 4779 hucusque
978 4715 1037 4760 nou
1062 4708 1125 4760 erat
1144 4699 1308 4761 observata.
1352 4697 1424 4760 Nam
1448 4697 1479 4759 in
1504 4705 1631 4780 uuoqne
1653 4705 1752 4758 rostro
1774 4695 1818 4758 ad

351 4797 689 4901 latusiuternumnasi
709 4808 889 4880 apertura
912 4800 1010 4862 lissa
1026 4807 1114 4882 atque
1136 4819 1264 4882 usque
1286 4800 1328 4862 ad
1351 4797 1519 4880 palatum
1541 4799 1725 4880 producta
1749 4810 1812 4877 est;
