4716 5846
488 785 548 866 66)
590 781 749 848 6616166
779 787 979 844 66666166
1008 779 1149 860 1116661
1180 778 1357 860 speciem
1390 778 1713 859 praeseferens.
1759 781 1853 860 Goput

384 902 416 958 et
437 895 604 958 anteriores
626 889 844 967 166661666166
867 903 935 951 cum
957 883 1085 964 pedibus
1106 882 1307 948 anterioribus
1328 881 1499 956 6666661666
1531 881 1670 944 berula
1689 882 1852 946 umbili-

386 996 487 1060 66116
506 995 657 1073 exigua,
677 989 796 1072 pedes
817 987 1068 1066 posteriores
1090 995 1270 1067 quatuor,
1292 987 1351 1048 duo
1373 986 1456 1066 paria
1477 985 1529 1067 qui
1547 985 1696 1058 exhibent,
1720 986 1850 1051 alterum

385 1097 484 1176 majus
505 1093 605 1160 166661
627 1090 811 1156 ordinarium
835 1089 963 1161 ridetur,
986 1089 1113 1153 alterum
1135 1089 1171 1150 ad
1191 1087 1348 1150 sinistrum
1368 1088 1457 1168 hujus
1480 1088 1556 1150 latus
1575 1089 1665 1152 sitam
1677 1088 1785 1168 pedem
1805 1092 1849 1154 si-

386 1200 515 1264 nistrum
546 1197 633 1261 babet
660 1193 841 1265 distortum,
873 1193 1042 1264 minorem,
1077 1191 1234 1254 flaccidum
1262 1190 1401 1272 (propter
1425 1191 1657 1254 ossificatiouem
1689 1193 1851 1273 imperfec-

384 1300 494 1378 tam‘l).
538 1301 649 1362 Horum
672 1297 792 1378 pedum,
824 1295 875 1376 qni
897 1294 1058 1358 necessarii
1081 1293 1271 1356 existimandi
1290 1303 1370 1368 suut,
1391 1294 1486 1373 pelvis
1508 1315 1575 1358 cum
1598 1298 1732 1360 columna
1751 1304 1852 1358 66616-

384 1407 506 1470 brarum
529 1400 667 1466 nonnisi
688 1398 821 1480 partibus
845 1397 983 1459 mollibus
1006 1397 1161 1470 cohaeret,
1192 1404 1334 1477 quantum
1357 1395 1478 1477 quidem
1502 1398 1706 1478 exploratione
1729 1407 1850 1460 externa

385 1506 589 1588 cognoscitur.
632 1503 824 1566 Neutrlus
842 1500 972 1582 pelvis
996 1501 1152 1563 caudam
1176 1500 1389 1574 observamus,
1424 1500 1454 1564 in
1477 1509 1581 1563 neutra
1602 1502 1682 1581 66161
1699 1519 1773 1564 6666
1795 1502 1851 1563 ad-

385 1620 443 1676 ast.
486 1609 569 1673 luter
590 1608 719 1679 lemora,
743 1622 818 1686 quae
840 1603 985 1684 regularia
1015 1603 1095 1677 dixi,
1123 1604 1310 1667 tuberculum
1338 1611 1434 1666 exstat
1455 1622 1523 1666 cum
1547 1603 1642 1676 ostio,
1665 1603 1714 1667 cui
1742 1604 1851 1686 specil·

336 1767 341 1779 .
385 1706 922 1786 161616661166661661111661661,
952 1705 1033 1768 inter
1054 1705 1180 1770 alterum
1204 1708 1350 1770 lemarum
1372 1725 1425 1788 par
1448 1705 1546 1768 simile
1569 1707 1775 1782 tuberculum,
1799 1709 1852 1770 sod

385 1815 417 1880 in
440 1815 561 1878 modum
591 1813 677 1894 penis
704 1819 874 1873 antrorsum
906 1809 1070 1884 directum,
1097 1811 1169 1873 item
1205 1812 1282 1873 ostio
1312 1811 1488 1893 praeditum.
1539 1809 1683 1872 Examine
1719 1812 1852 1874 caritatis

385 1915 584 1980 abdominalis
623 1914 759 1976 instituto
801 1921 941 1987 testes,
982 1914 1280 1994 epididgmides
1314 1925 1455 1976 616666
1484 1911 1853 1976 6616666116166661-

386 2040 464 2094 mus,
488 2020 525 2082 ad
548 2029 706 2100 utrumque
727 2018 882 2098 utriusque
905 2018 1000 2098 pelvis
1026 2019 1120 2094 latus,
1146 2021 1196 2100 qui
1216 2021 1384 2098 pertinent,
1407 2020 1509 2081 aderat
1531 2035 1649 2096 quoque
1668 2018 1765 2080 666166
1789 2018 1853 2080 uri-

385 2123 468 2186 naria
491 2123 522 2184 16
547 2121 650 2185 dextra
670 2122 767 2202 pelvi,
788 2139 864 2202 quae
887 2140 984 2202 nequo
1006 2121 1037 2184 in
1057 2123 1179 2184 sinistra
1202 2123 1308 2185 deesse
1329 2123 1455 2192 ridetur,
1477 2119 1531 2183 sed
1552 2120 1679 2199 partium
1704 2121 1851 2199 exiguitas

385 2225 564 2306 simulatque
586 2223 713 2286 monstri
732 2223 840 2317 raritas
862 2231 964 2284 661661
985 2241 1040 2284 666
1063 2224 1228 2286 sectionem
1248 2223 1373 2286 ulterius
1393 2224 1546 2304 prosequi.

468 2357 546 2460 ’65)
588 2381 690 2458 tgna
723 2389 869 2440 matura
901 2378 1123 2457 regularis,
1156 2381 1204 2442 cui
1228 2381 1265 2442 611
1287 2381 1499 2444 sinistrum
1531 2379 1712 2444 umbilici
1746 2378 1851 2443 latus

385 2483 515 2564 661616
538 2479 766 2542 6666666116
798 2485 880 2559 justo
902 2480 1001 2543 minor
1032 2501 1114 2544 cum
1147 2483 1320 2562 pedibus
1354 2483 1509 2547 duobus
1541 2483 1850 2564 posterioribus,

385 2585 473 2666 66616
508 2602 595 2665 quam
626 2583 780 2662 regulares
811 2583 911 2646 solent
941 2585 1109 2648 minoribus
1141 2586 1299 2666 dependet.
1343 2586 1408 2650 Hoc
1435 2595 1601 2649 monstrum
1620 2586 1681 2666 jam
1705 2603 1795 2665 supra
1817 2587 1851 2650 in

386 2689 634 2754 commentatione
656 2698 756 2752 nostra
779 2707 848 2770 pag.
876 2687 915 2752 11
936 2689 1178 2762 memoravimus,
1202 2689 1253 2752 ubi
1275 2691 1313 2752 de
1335 2691 1590 2771 gastromelis
1613 2709 1712 2752 sermo
1737 2689 1802 2752 tuit.

489 2845 546 2924 66)
591 2844 773 2910 66616166
797 2847 903 2927 agni,
925 2847 959 2910 16
980 2867 1039 2929 quo
1059 2847 1181 2928 pedes
1203 2847 1429 2912 anteriores
1452 2852 1635 2927 quatuor,
1656 2842 1852 2923 posterio-

385 2970 449 3014 res
469 2950 540 3012 duo
561 2949 765 3028 inveniuntur,
788 2949 895 3014 eodem
916 2949 983 3014 loco
1005 2968 1075 3031 pag.
1098 2949 1136 3014 ll
1160 2969 1245 3031 seqq.
1268 2948 1409 3012 uberiore
1432 2947 1603 3010 narratione
1628 2946 1851 3027 descriptuma

384 3055 473 3120 nobis
495 3061 554 3116 est.

489 3207 542 3270 67.
566 3206 617 3271 68.
637 3207 688 3268 bii.
735 3207 872 3288 Capita
893 3209 1019 3271 orium
1043 3210 1158 3271 trium
1178 3227 1246 3270 ore
1263 3205 1472 3286 superfluo
1496 3203 1685 3284 insignia.
1730 3201 1851 3266 161166-

385 3309 442 3373 bus
466 3310 571 3372 oribus
594 3309 705 3371 adultis
727 3328 762 3370 os
786 3313 968 3391 6666666616
992 3312 1242 3374 16666116616166
1264 3330 1366 3374 aurem
1379 3311 1527 3385 dextram
1549 3310 1581 3371 16
1600 3309 1690 3372 611666
1703 3326 1758 3370 666
1778 3327 1852 3372 666-

383 3411 505 3492 iunctus
543 3417 590 3471 est
619 3409 695 3470 dens
725 3410 832 3473 unicus
867 3431 935 3474 cum
969 3412 1047 3475 labio
1081 3412 1224 3475 interiore
1247 3421 1277 3474 et
1299 3431 1377 3492 pone
1400 3413 1480 3476 bunc
1502 3419 1640 3492 apertura
1662 3411 1847 3486 observatur,

385 3531 461 3596 quae
491 3511 647 3594 specillum
681 3511 718 3572 ad
750 3511 840 3574 trium
875 3515 994 3576 circiter
1025 3514 1173 3578 linearum
1200 3514 1418 3594 longitudinem
1441 3514 1578 3576 admittit.
1622 3513 1655 3576 16
1682 3515 1774 3578 611666
1795 3533 1850 3578 666

387 3637 456 3682 enm
488 3617 567 3680 labio
600 3615 687 3693 longe
719 3615 831 3696 majore
863 3617 970 3679 dentes
991 3627 1053 3679 tres
1075 3617 1272 3680 cohaerentes
1293 3616 1410 3678 ridebis
1433 3626 1464 3678 61
1484 3625 1622 3696 apertura
1644 3617 1736 3680 multo
1756 3621 1851 3700 major

385 3723 418 3786 iu
442 3721 574 3785 66661661
595 3718 764 3782 6661166616
797 3719 835 3781 611
859 3719 939 3800 16666
961 3719 1067 3800 6661116
1089 3721 1191 3784 lauces
1212 3721 1327 3784 ridetur
1348 3737 1456 3801 parare
1475 3721 1598 3784 aditum.
1640 3721 1851 3786 1616611666·

471 4009 614 4070 6111166161
637 4009 789 4066 inchoatam
812 4009 889 4083 quasi
910 4027 972 4068 esse
994 3984 1131 4080 relietsm3
1159 4028 1242 4070 aures
1274 4029 1339 4070 6666
1362 4021 1480 4088 quatuor
1502 4022 1529 4072 61
1551 4013 1659 4088 linguae
1681 4016 1751 4076 duae
1773 4035 1850 4093 aper·

471 4125 527 4176 tam
544 4115 755 4190 duplicationem
786 4114 915 4190 produnt
958 4114 1061 4174 Pedum
1092 4116 1309 4174 accessoriomm
1336 4117 1418 4174 trium
1447 4117 1516 4174 66116
1538 4117 1662 4178 6161111166
1682 4121 1851 4184 6666661661

471 4219 574 4278 loetum
596 4218 768 4292 parasitieum
790 4217 817 4272 16
841 4225 935 4274 austro
957 4216 1052 4292 lepore
1071 4233 1127 4273 non
1140 4218 1297 4291 6666661666
1317 4219 1350 4274 ad
1373 4235 1436 4276 eum
1448 4217 1610 4276 evolationis
1622 4222 1744 4296 gradum,
1767 4240 1850 4297 quem

473 4319 500 4376 16
523 4330 648 4378 monstro
664 4320 783 4376 11666666
798 4317 982 4376 observamus.
1027 4319 1178 4379 Catulus
1199 4319 1373 4394 partinet,
1396 4321 1435 4379 uti
1457 4339 1541 4398 supra
1562 4323 1624 4394 diri,
1646 4324 1687 4382 ad
1707 4323 1850 4386 hetera-

473 4420 639 4495 delphos,
663 4422 688 4479 id
712 4421 785 4496 quod
807 4423 983 4497 cognoscitur
1002 4441 1017 4481 e
1038 4423 1140 4482 16116166
1161 4426 1280 4498 parasiti,
1303 4443 1422 4500 quocum
1436 4427 1599 4502 conjunctus
1621 4437 1671 4488 est.
1715 4431 1782 4491 Nam
1805 4436 1849 4496 bic

471 4523 558 4595 capite
579 4527 690 4583 omnino
713 4535 805 4595 caret,
837 4527 955 4586 thoracis
993 4527 1055 4586 1666
1088 4529 1178 4587 solum
1201 4531 1297 4604 pedem
1318 4533 1484 4592 anteriorem
1506 4531 1674 4608 superlluum
1694 4533 1801 4594 exhibet
1823 4547 1850 4598 ct

471 4623 613 4681 maximam
635 4629 829 4700 perlectionem
854 4631 934 4690 offert
956 4632 982 4690 io
1000 4631 1092 4708 66161,
1124 4633 1296 4710 pedibusque
1316 4636 1477 4694 66666666116
1500 4635 1721 4710 posterioribus,
1745 4639 1791 4696 aui
1822 4649 1851 4702 et

472 4726 628 4802 genitalium
650 4733 782 4808 vestigiis.
1490 4731 1495 4742 ’
