4716 5846
474 919 628 1014 Quinque
655 917 773 992 borum
799 917 1046 1015 exemplorum,
1072 917 1107 990 iu
1133 913 1252 1010 quibus
1277 937 1342 1013 pes
1363 913 1559 1012 superfluus
1578 917 1614 990 iu
1627 917 1738 1012 cupite
1751 917 1830 990 avis

371 1077 434 1129 seu
459 1051 646 1125 mammolis
680 1051 882 1126 observetur
916 1064 952 1128 et
975 1075 1112 1150 quorum
1141 1059 1259 1127 nostm
1285 1061 1439 1148 tempore
1464 1053 1716 1124 accuratissima
1742 1073 1828 1148 per-

369 1192 531 1264 scrutatio
558 1191 706 1260 institutu
731 1195 796 1277 est,
821 1195 997 1283 postquam
1024 1191 1231 1262 mentionem
1258 1185 1416 1278 lecimus,
1436 1187 1507 1278 jum
1531 1189 1700 1280 quaeritur
1725 1207 1829 1261 num-

369 1323 448 1421 quid
475 1332 511 1396 ct
535 1320 703 1418 montedo
727 1321 856 1395 iubrica
870 1325 994 1396 uitiosa
1012 1323 1175 1421 explicari
1191 1325 1311 1418 possit.
1364 1321 1551 1408 lerientes,
1579 1324 1635 1415 qui
1660 1323 1828 1414 originem

368 1467 595 1533 monstrorum
623 1456 803 1554 duplicium
838 1481 859 1530 c
886 1459 1021 1532 fusione
1046 1460 1235 1552 germinum
1267 1459 1302 1530 iu
1328 1460 1523 1532 universum
1548 1477 1616 1529 uon
1643 1455 1829 1545 admittent,

367 1595 570 1668 divisionem
598 1579 660 1666 seu
678 1593 928 1690 bipertitionem
963 1593 1180 1668 membranae
1201 1595 1463 1686 germinatione,
1488 1593 1552 1666 bec
1577 1589 1636 1664 vel
1658 1588 1716 1661 illa
1731 1596 1829 1684 parte

368 1727 525 1818 obuiam,
554 1734 703 1800 statuere
736 1739 903 1822 coguntur
935 1738 1036 1824 atqm
1065 1728 1274 1802 contendunt
1305 1731 1340 1802 in
1377 1724 1585 1822 germinibus
1610 1728 1645 1800 io
1681 1727 1829 1817 regione

330 1939 338 1954 ,
367 1865 487 1959 capitis
503 1861 578 1958 plus
595 1865 705 1936 miuus
721 1861 811 1934 bssis
837 1874 987 1938 monstra
1002 1867 1193 1960 procreari,
1221 1864 1342 1960 quibos
1355 1872 1459 1960 ceput
1472 1884 1548 1938 cum
1562 1859 1713 1958 partitus
1726 1867 1831 1932 unte·
1874 1911 1878 1922 .

365 1996 510 2070 rioribus
525 1998 655 2088 majore
672 2000 749 2070 sive
776 2003 907 2074 minore
936 1998 1214 2096 greduduplicic
1240 2000 1389 2075 evadent
1410 2003 1558 2094 itemque
1585 1995 1764 2072 obseruari
1794 1998 1831 2068 in

367 2132 462 2228 pelvi
492 2142 527 2204 ct
560 2135 750 2229 posteriore
781 2139 890 2210 trunci
922 2146 1040 2234 porte,
1074 2135 1131 2208 ubi
1164 2146 1353 2210 extremum
1380 2133 1522 2208 condole
1547 2131 1738 2229 bipertitum
1766 2139 1829 2207 cst.

366 2267 463 2340 llaoc
493 2290 580 2342 vero
615 2268 808 2365 explicandi
840 2274 1005 2344 rationem
1038 2271 1121 2345 nibil
1153 2270 1272 2344 valere
1306 2269 1351 2343 ad
1384 2268 1657 2366 explanationem
1687 2269 1831 2359 originis

368 2423 527 2493 casuum,
555 2423 639 2498 quos
666 2402 709 2478 de
733 2405 978 2499 cephalomelie
1003 2427 1106 2502 supra
1133 2405 1322 2496 attulimus,
1359 2425 1423 2500 per
1456 2425 1496 2476 se
1522 2400 1736 2476 manifestum
1764 2411 1830 2492 est,

367 2559 443 2610 cum
468 2535 683 2633 bipertitione
708 2539 925 2615 membranae
947 2544 1195 2635 germinatione
1219 2543 1254 2614 iu
1280 2548 1377 2636 parte
1396 2539 1566 2612 anteriore
1582 2541 1659 2614 sive
1677 2562 1721 2614 eo
1739 2539 1832 2632 loco,

368 2695 434 2769 quo
461 2682 561 2768 caput
586 2672 762 2766 formatur,
787 2697 856 2749 uon
880 2676 1071 2773 explicetur
1096 2679 1163 2750 uisi
1188 2677 1308 2773 cepitis
1335 2675 1521 2772 duplicitas.

470 2840 559 2914 Aliis
592 2845 627 2914 in
662 2841 749 2916 locis
785 2852 819 2918 et
843 2829 1043 2944 praesertim
1077 2847 1111 2916 iu
1138 2845 1426 2916 commentatione
1442 2838 1479 2936 *)
1501 2849 1579 2916 ante
1601 2840 1665 2916 bos
1692 2851 1833 2938 quatuor

368 3001 476 3053 annos
512 2978 601 3051 edite
633 2983 835 3054 sententiam
867 3001 979 3053 meam
1006 2981 1049 3054 de
1075 2979 1199 3069 modo,
1226 2999 1292 3072 quo
1327 2989 1478 3052 monstro
1506 2979 1652 3076 duplicia
1679 2981 1832 3054 orientur

365 3112 491 3211 publici
516 3115 603 3206 juris
627 3114 697 3187 leci
723 3115 821 3187 simul
846 3117 944 3188 istius
969 3116 1122 3189 theoriae
1137 3122 1342 3186 sectatorem
1369 3137 1424 3188 me
1441 3114 1617 3212 profitens,
1643 3135 1729 3210 quae
1746 3135 1835 3208 ger·-

366 3255 491 3322 minum
527 3249 663 3323 lusione
697 3253 822 3323 nititur.
874 3251 912 3324 ln
945 3251 1002 3324 illa
1031 3255 1315 3324 commentatione
1352 3273 1438 3324 vero
1465 3273 1577 3348 neque
1604 3248 1647 3323 de
1670 3251 1830 3323 monstris

372 3387 563 3480 parasiticis
596 3384 703 3459 verba
738 3387 828 3477 leci,
863 3389 928 3460 uisi
953 3397 989 3460 ut
1013 3384 1159 3485 probare
1189 3409 1335 3460 conarer
1363 3409 1405 3460 ee
1434 3387 1579 3481 duplicia
1605 3385 1668 3458 sed
1692 3393 1834 3480 propter

369 3519 538 3591 deiectum
567 3521 733 3613 quendam
760 3521 960 3618 imperfecto
979 3545 1080 3611 esse,
1100 3545 1166 3595 nec
1181 3522 1223 3595 de
1248 3525 1409 3595 monstris
1423 3520 1639 3618 polymelicis
1656 3523 1834 3618 speciatim

369 3656 502 3750 scripsi.
555 3653 626 3726 lmo
652 3657 737 3728 ratio
765 3657 985 3748 schematice,
1012 3680 1076 3752 qua
1099 3657 1169 3730 illic
1195 3657 1237 3730 ad
1265 3657 1485 3754 explicandos
1513 3657 1655 3748 classes,
1682 3655 1833 3746 ordines,

368 3813 498 3886 genere
531 3799 565 3864 et
598 3797 735 3888 species
771 3801 997 3866 monstrorum
1033 3793 1214 3890 duplicium
1241 3814 1322 3867 usus
1349 3815 1445 3880 sum,
1472 3791 1659 3867 lectoribus
1685 3789 1833 3865 fortasse

366 3949 436 4000 uon
456 3935 533 4022 opta
558 3925 730 4000 videbitur
754 3928 797 4001 ad
823 3927 1025 4025 explicando
1043 3928 1290 4025 cephalomelo.
1339 3927 1476 4001 Etenim
1502 3931 1536 4001 in
1564 3925 1699 4001 casibus
1716 3925 1834 4017 tribus,

369 4083 454 4158 quus
481 4059 608 4134 inillis
636 4060 978 4136 demonstrationibus
1005 4067 1154 4136 numeris
1176 4063 1340 4139 1.tl.111.
1369 4065 1519 4156 distinxi,
1542 4086 1600 4136 res
1627 4065 1673 4136 ita
1700 4083 1740 4135 se
1766 4062 1835 4134 he-

368 4197 438 4288 bet,
463 4207 499 4270 ut
524 4200 560 4270 iu
587 4201 695 4294 primo
720 4203 816 4296 (pag.
837 4196 915 4287 13.)
942 4197 1166 4296 embrqouum
1193 4222 1279 4274 axes
1307 4198 1392 4302 alter
1407 4204 1442 4274 io
1458 4199 1598 4274 altamm
1616 4207 1712 4272 recte
1735 4207 1832 4269 ban-

370 4342 456 4422 seet,
480 4335 515 4407 in
542 4333 693 4408 secondo
719 4333 815 4431 (pag.
843 4333 920 4422 19.)
949 4334 1171 4430 embrqooum
1199 4359 1284 4409 axes
1312 4336 1395 4410 duas
1420 4335 1531 4410 lineus
1556 4332 1736 4432 parallelas
1763 4353 1833 4404 ex-

367 4466 506 4542 hibeant
531 4478 632 4564 atque
658 4472 691 4542 iu
717 4474 817 4544 tertio
839 4471 936 4569 (peg.
964 4469 1044 4562 26.)
1071 4470 1294 4566 embryouum
1319 4495 1404 4547 oxes
1431 4472 1538 4566 alter,
1567 4473 1665 4564 juxte
1690 4471 1832 4543 altarum

414 4749 441 4825 ⁸)
467 4754 503 4811 lte
526 4767 709 4818 monstrorum
732 4759 879 4834 duplicium
902 4761 1007 4836 origiue
1029 4770 1110 4837 etque
1133 4761 1294 4821 evolutione.
1338 4763 1405 4822 Cum
1427 4763 1517 4821 tabula
1541 4763 1597 4820 aeri
1620 4763 1713 4820 incisa.
1758 4757 1832 4814 lielis

456 4858 594 4916 Serenum
620 4861 710 4920 tete.
753 4863 782 4922 4.
1611 4945 1633 5010 ²
