4678 5800
1026 725 1074 819 il

322 943 453 1016 tertiam
477 941 766 1016 mathematicam:

474 1111 777 1210 „Experimentum
806 1111 958 1186 aLeone
982 1111 1147 1186 Foucault
1172 1132 1282 1207 nuper
1305 1112 1512 1207 propositum
1538 1103 1628 1222 (vid.
1652 1087 1778 1209 comptss

472 1249 567 1322 rend.
593 1249 635 1322 Τ.
659 1247 772 1321 ΧΧΧ.
798 1273 833 1345 p.
864 1247 947 1320 135.
973 1259 1008 1322 et
1033 1247 1270 1342 Poggendori,
1296 1241 1455 1320 Annalem
1480 1243 1520 1317 Τ.
1549 1243 1606 1317 82.
1634 1268 1668 1343 p,
1684 1247 1779 1340 458)
1921 1253 1924 1261 “

473 1383 612 1460 calculis
640 1369 822 1476 diligenter
847 1386 1004 1459 institutis
1031 1385 1082 1455 sic
1111 1377 1313 1479 explicetur,
1334 1390 1372 1452 ut
1390 1389 1502 1452 motus
1527 1377 1665 1476 penduli
1688 1401 1780 1475 quo-

474 1541 617 1614 cumque
642 1519 722 1593 loco
748 1521 783 1592 in
808 1519 989 1616 superficie
1016 1526 1129 1590 terrae
1157 1515 1314 1589 collocati
1349 1525 1508 1590 accurate
1535 1515 1667 1588 deliniri
1690 1537 1780 1612 pos-

471 1657 568 1744 slt;“
595 1695 645 1708 -

323 1831 474 1916 quartam
500 1822 646 1920 denique
666 1825 850 1898 litterarum
877 1823 1112 1898 orientalium:

470 1989 755 2081 „Demonstretui
781 1988 858 2084 quid
885 1991 928 2061 sit
953 1991 1189 2085 potissimum,
1214 1992 1303 2086 quod
1329 2000 1398 2064 turn
1427 2013 1473 2064 err
1488 1990 1674 2088 Ephraemi
1699 1993 1781 2090 Syri

471 2125 604 2220 hymnis
641 2135 675 2199 et
704 2123 918 2198 sermonibus
951 2133 1021 2197 tum
1055 2148 1076 2198 e
1110 2125 1427 2221 Philosophumenis
1462 2127 1639 2202 allillero
1672 2150 1782 2225 nuper

473 2259 572 2334 editis
600 2271 634 2335 et
662 2259 805 2353 Origeni
831 2260 921 2334 falso
947 2261 1078 2333 tributis
1107 2260 1152 2332 ad
1183 2263 1393 2354 religiones,
1428 2285 1545 2335 mores
1572 2273 1606 2336 et
1631 2267 1781 2338 instituto

470 2395 670 2493 populorum
699 2396 910 2468 orientalium
937 2393 1132 2467 illustranda
1166 2400 1277 2491 repeti
1304 2401 1424 2492 possit.
1435 2400 1460 2440 “
1486 2439 1535 2454 -

419 2565 473 2640 En
498 2565 650 2653 habetis,
684 2561 950 2654 commilitones,
984 2563 1239 2658 amplissimum
1254 2565 1517 2659 consequendae
1542 2567 1651 2641 leudis
1676 2566 1780 2642 theu-

317 2709 424 2791 trum,
458 2725 501 2775 en
528 2701 660 2774 hahetis
685 2703 719 2774 in
745 2700 864 2796 quibus
891 2723 960 2774 non
986 2699 1113 2777 leviter
1146 2711 1182 2774 et
1205 2703 1433 2800 perfunctorie
1466 2706 1529 2778 sed
1561 2711 1721 2802 gnaviter
1745 2715 1784 2781 et

318 2837 498 2930 diligenter
521 2838 765 2935 pertractandis
789 2838 1015 2934 amplissimos
1036 2839 1166 2912 fructus
1192 2843 1293 2912 otiam
1322 2843 1378 2935 qui
1392 2850 1541 2913 vestrum
1557 2847 1639 2916 victi
1660 2843 1781 2958 disoe-

318 2974 399 3048 dent
421 2975 640 3072 reportabunt
666 2977 861 3047 exercitatis
883 2973 1009 3047 uiribus
1036 2983 1071 3048 et
1096 2979 1229 3072 experti
1254 2976 1443 3050 facultates.
1495 2978 1627 3054 Utinam
1655 3002 1780 3055 notent

318 3135 405 3208 quae
437 3137 527 3186 nunc
561 3114 693 3188 civibus
726 3124 957 3210 proponuntur
982 3118 1018 3186 in
1050 3115 1164 3186 medio
1189 3115 1324 3212 palmae
1351 3115 1393 3188 ab
1417 3137 1545 3188 novem
1572 3120 1780 3214 praestanti-

316 3249 379 3347 ltus
406 3251 538 3324 civibus
559 3231 774 3348 reportentur
801 3261 836 3324 et
858 3252 991 3348 palmae
1006 3257 1118 3348 potius
1145 3251 1330 3325 victoribus
1356 3275 1456 3347 quam
1481 3255 1633 3327 victores
1658 3253 1779 3351 palmis

320 3385 567 3459 desiderentur.

426 4050 521 4136 Quae
548 4061 659 4124 autern
687 4055 993 4125 commentationes
1019 4055 1053 4124 iu
1077 4047 1289 4148 explicandis
1316 4053 1381 4124 illis
1408 4049 1662 4148 quaestionibus
1688 4075 1776 4140 ver-

321 4185 493 4276 sabuntur,
516 4187 654 4260 latino
681 4209 882 4261 sermone
910 4192 1120 4284 perscriptae
1146 4213 1253 4285 usque
1280 4190 1322 4261 ad
1348 4188 1437 4260 diem
1458 4187 1525 4262 XV
1550 4191 1677 4260 mensis
1700 4187 1776 4262 tutti

323 4342 352 4390 a.
378 4321 614 4395 MDCCCLlli
642 4322 830 4397 clarissimo
857 4327 947 4414 viro,
971 4329 1026 4419 qui
1053 4323 1153 4398 nobis
1180 4349 1200 4398 a
1226 4328 1369 4398 secretis
1397 4334 1461 4416 est,
1488 4325 1672 4399 tradendae
1698 4334 1777 4401 sunt

321 4477 478 4530 unacum
496 4469 641 4550 tessera,
669 4482 754 4554 quae
774 4465 862 4533 intus
875 4481 1003 4534 nomen
1021 4465 1210 4558 scriptoris,
1226 4465 1260 4533 in
1276 4471 1418 4534 externa
1431 4484 1519 4534 vero
1537 4472 1632 4558 perte
1649 4460 1774 4534 lemma

323 4591 488 4688 quidpiam
525 4598 715 4687 contineat,
747 4617 811 4690 quo
845 4595 1003 4669 lemmate
1037 4601 1139 4670 etiam
1171 4598 1304 4672 libellus
1340 4597 1507 4671 notandus
1535 4606 1600 4671 est.
1651 4595 1773 4687 Porro,

321 4751 408 4825 qtroe
443 4731 564 4802 iudicia
596 4730 639 4802 de
671 4700 811 4804 redditis
846 4701 1183 4808 commentationibus
1211 4734 1309 4808 loturi
1341 4743 1418 4806 sunt
1443 4741 1598 4828 quattuor
1623 4732 1773 4824 ordines,

320 4890 363 4940 ea
394 4865 693 4964 promulgabuntur
726 4871 816 4942 inter
842 4868 1020 4942 sollemnia
1045 4867 1155 4962 Regis
1189 4871 1346 4944 natalicia
1371 4873 1449 4942 anni
1474 4873 1641 4944 instantis.
1692 4868 1774 4942 Au·-
