4716 5846
1226 801 1276 894 11

517 1025 617 1088 umen
634 1016 694 1098 jans
715 1017 808 1080 iacies
830 1015 996 1097 duplicatas
1016 1033 1085 1078 nani
1107 1015 1138 1078 io
1161 1013 1238 1076 linea
1261 1013 1356 1079 madia
1377 1023 1408 1078 et
1428 1013 1509 1076 iuter
1526 1015 1646 1080 ceuton
1667 1013 1826 1080 sinistrum
1846 1025 1877 1082 et
1897 1018 1975 1084 daa-

513 1105 598 1184 'trum
630 1121 735 1200 capitis
764 1119 858 1182 dextri
888 1127 918 1180 et
940 1117 1053 1180 sinistri
1077 1116 1211 1196 proxime
1227 1117 1267 1178 ad
1290 1115 1451 1196 roarginnn
1475 1117 1643 1196 capillatura
1664 1118 1746 1183 basis
1767 1121 1860 1184 cranii
1890 1123 1992 1186 loves

520 1233 614 1290 exstat
632 1233 720 1308 atque
745 1225 820 1287 inlra
842 1225 918 1284 hanc
944 1221 1091 1301 appendix
1115 1229 1247 1284 euboea.
1272 1238 1346 1298 quae
1368 1237 1403 1280 ex
1422 1220 1512 1282 altera
1538 1223 1630 1294 lovea,
1652 1223 1701 1286 oui
1722 1224 1823 1304 petioli
1847 1243 1905 1305 ope
1929 1225 1977 1288 in·

518 1330 573 1392 fixa
603 1337 666 1402 est,
696 1330 855 1408 prominet.
906 1327 988 1388 llone
1016 1325 1211 1406 appendicem
1241 1324 1391 1385 auriculae
1415 1323 1615 1386 rudimentum
1647 1347 1716 1387 esse
1744 1328 1790 1388 vix
1811 1327 1974 1403 dubitabis,

518 1432 658 1520 quoniam
687 1453 704 1494 e
733 1441 904 1514 spnotorunr
936 1429 1056 1492 lustoria
1083 1429 1194 1492 dudum
1226 1436 1326 1488 notunr
1358 1435 1405 1487 est
1427 1445 1514 1487 aures
1535 1429 1591 1490 sub
1613 1427 1835 1492 eontntooibus
1860 1429 1973 1495 bloueis

518 1537 677 1598 conlluere.
722 1535 822 1614 Capita
846 1552 904 1595 nou
927 1542 984 1594 tam
1007 1550 1177 1619 compressa
1200 1539 1289 1610 atqua
1305 1529 1379 1590 lrarnr
1402 1531 1438 1590 ab
1462 1549 1580 1590 reusam
1603 1531 1795 1594 cerebrorum
1820 1551 1905 1612 parva
1920 1551 1971 1594 ru-

518 1621 648 1702 elimenta
667 1638 704 1700 ab
728 1647 852 1718 utroque
874 1639 965 1698 latere
986 1635 1105 1715 pollicis
1127 1635 1189 1695 lere
1211 1621 1306 1712 spatio
1329 1631 1449 1700 distant,
1473 1629 1661 1712 meroingibus
1682 1635 1810 1697 seorsim
1833 1637 1972 1700 involuta.

517 1742 607 1822 Spina
629 1741 717 1804 bilida
739 1741 774 1802 ad
798 1759 832 1802 os
858 1757 975 1801 sacreum
999 1736 1156 1800 descendit
1178 1735 1284 1814 etjam
1309 1745 1448 1796 externus
1477 1733 1558 1794 dorsi
1583 1733 1699 1798 babitus
1722 1738 1854 1800 ostendit
1876 1748 1973 1800 verte-

516 1842 635 1905 brarum
659 1843 810 1904 colonrnas
836 1841 909 1904 duas
938 1840 1103 1904 secundum
1130 1837 1346 1917 longitudinem
1376 1847 1518 1898 connabrs
1547 1855 1624 1899 esse.
1667 1839 1825 1902 auriculae
1851 1850 1974 1920 propter

518 1945 577 2008 loci
598 1945 763 2026 augustiam
786 1946 865 2008 iuter
886 1955 974 2026 caput
995 1953 1026 2006 et
1046 1944 1187 2006 humeros
1210 1959 1400 2022 compressae
1423 1939 1524 2002 latent

793 2201 835 2274 Β.
885 2197 1038 2272 lilonstro
1060 2195 1205 2294 duplicia
1231 2195 1411 2292 parasitica
1438 2215 1516 2268 nro.
1543 2195 1602 2266 15.
1633 2193 1693 2268 16.

618 2399 673 2475 tt)
718 2401 891 2466 luiantis
921 2357 1160 2462 hemicrania
1180 2405 1216 2461 et
1239 2395 1500 2476 spinabilida
1525 2417 1635 2478 quam
1655 2400 1811 2464 maxime
1842 2401 1968 2467 delor-

513 2505 602 2567 mati
625 2505 803 2568 sceletou
825 2523 892 2566 cunr
916 2502 1029 2583 spina
1053 2502 1251 2581 duplicata
1284 2511 1320 2564 et
1346 2501 1441 2582 pede
1464 2503 1582 2566 tertio
1604 2521 1853 2584 supervacuo.
1886 2507 1971 2572 Conl.

503 2605 601 2687 *supra
620 2625 686 2686 pag.
707 2605 760 2669 21.
784 2606 918 2687 ejusdem
942 2606 1176 2703 descriptionem
1200 2604 1355 2668 fusiorem.

617 2727 672 2798 lot
714 2729 849 2792 lolans
877 2737 1089 2797 uenustus,
1118 2737 1206 2790 octo
1235 2725 1625 2795 circumstancium,
1655 2723 1791 2788 beroia
1814 2727 1971 2794 umbili-

514 2830 589 2892 eali
612 2833 790 2905 maxima,
813 2850 883 2894 ano
902 2831 1245 2911 praeternaturali
1271 2839 1307 2892 et
1328 2829 1559 2892 inversione
1580 2827 1742 2890 vesicae
1765 2829 1983 2908 uriorariae¹

512 2930 697 3011 insignis.
741 2932 846 2994 Partes
875 2931 1022 3012 genitales
1051 2941 1190 2994 externae
1214 2948 1339 3011 prorsus
1361 2930 1478 3000 desum,
1497 2939 1601 3008 aperto
1624 2949 1693 2992 vero
1715 2931 1874 2998 ebriamine
1893 2953 1970 3014 carg-

512 3034 650 3095 novimus
671 3049 714 3094 ex
735 3034 944 3108 testiculo,
967 3033 1239 3114 epididymida
1263 3041 1293 3094 et
1314 3051 1405 3096 vasa
1424 3032 1652 3104 (tolerante.
1675 3034 1712 3098 in
1735 3035 1871 3100 dextro
1894 3059 1970 3104 mu·

513 3136 558 3197 do
591 3135 719 3198 latere
750 3136 896 3210 obviis,
919 3146 1129 3199 monstrum
1154 3134 1373 3197 masculum
1404 3152 1498 3197 esse.
1542 3133 1673 3216 Uterque
1693 3155 1760 3216 pes
1783 3143 1981 3216 rnrus'est,

513 3247 543 3302 et
572 3239 609 3302 iu
641 3237 807 3317 regiona
838 3238 1004 3300 lumbari
1038 3239 1152 3318 spina
1187 3235 1310 3298 biiida
1343 3243 1487 3298 exstat.
1531 3236 1643 3310 Causa,
1666 3259 1722 3302 cur
1744 3261 1868 3321 puerum
1891 3246 1970 3308 bunc

512 3341 697 3425 pravissimis
717 3343 953 3406 delbrmitatibus
965 3342 1113 3422 insignem
1138 3343 1187 3404 hic
1209 3342 1346 3414 celerans,
1367 3341 1461 3421 posita
1481 3352 1526 3404 est
1548 3343 1578 3404 iu
1602 3343 1825 3408 rudimento
1841 3359 1970 3410 extre-

510 3447 666 3510 mitatis
686 3465 1022 3526 supervacaneae,
1044 3448 1144 3527 quod
1168 3466 1184 3509 c
1208 3446 1340 3508 trihus
1363 3445 1560 3507 ossiculis
1581 3450 1859 3528 compositum.
1891 3471 1969 3532 quo-

509 3569 576 3613 rum
608 3550 740 3612 medium
773 3549 940 3614 marimum.
985 3549 1131 3632 Cohaeret
1163 3550 1220 3613 hoc
1252 3550 1454 3612 rudimentum
1488 3567 1555 3613 cum
1579 3566 1647 3612 osse
1682 3552 1769 3630 pubis
1793 3553 1916 3617 sinistro
1939 3566 1970 3619 et

509 3653 684 3718 observatur
705 3651 855 3716 mobilitas
878 3652 1021 3734 quaedam
1045 3655 1125 3715 inter
1146 3671 1180 3716 os
1204 3655 1332 3734 primum
1356 3661 1385 3716 et
1405 3653 1582 3717 secundum.
1628 3654 1751 3716 llusculi
1782 3657 1855 3717 satis
1880 3659 1968 3722 relidi

508 3760 636 3840 primum
667 3766 696 3819 et
725 3756 891 3819 secundum
922 3775 957 3818 os
986 3757 1170 3819 circumdant
1200 3757 1389 3838 tendinisque
1411 3757 1487 3819 lirnri
1510 3775 1567 3838 ope
1588 3759 1678 3820 tertio
1700 3758 1761 3820 ossi
1785 3759 1968 3834 inseruntur.

509 3863 587 3942 quod
605 3859 753 3927 artbmdia
776 3879 843 3923 cum
864 3859 998 3922 secundo
1021 3859 1212 3923 commissum
1241 3869 1295 3924 est.
1340 3859 1522 3923 Miramur
1547 3862 1648 3923 bunc
1676 3862 1808 3941 pedem
1831 3881 1970 3925 acces·

510 3965 675 4038 serium,
704 3965 909 4045 imperfectum
937 3961 1056 4042 quidem
1087 3961 1180 4023 nihilo
1211 3972 1309 4026 tamen
1334 3965 1431 4025 minus
1454 3965 1627 4042 peritonaeo
1649 3961 1808 4026 obductum
1834 3975 1864 4028 et
1884 3975 1968 4044 parte

510 4070 630 4123 externa
649 4065 742 4128 libero
765 4065 821 4129 sub
843 4065 922 4128 liene
944 4073 974 4125 et
991 4063 1146 4126 ventriculi
1170 4067 1260 4126 titudo
1290 4067 1326 4126 in
1349 4083 1477 4126 cavum
1500 4065 1718 4126 abdominis
1736 4077 1966 4144 porrectum,

510 4181 546 4226 eo
570 4165 672 4241 magis,
696 4185 754 4246 quo
777 4171 896 4249 saepius
918 4167 1010 4249 podes
1031 4169 1193 4232 accessorii
1215 4169 1246 4231 iu
1269 4177 1388 4230 externa
1412 4167 1547 4246 corporis
1568 4166 1645 4227 leole
1667 4165 1698 4228 in
1719 4175 1860 4234 monstris
1883 4175 1968 4255 poty-

508 4267 626 4332 meliois
649 4281 817 4333 occurrunt.

609 4385 696 4452 Conl.
728 4399 891 4454 accuratam
932 4391 1022 4474 hujus
1053 4391 1178 4454 monstri
1211 4408 1227 4450 a
1260 4389 1319 4451 lire
1342 4387 1502 4450 Sobotte
1540 4403 1643 4449 museo
1671 4397 1774 4450 nostro
1801 4394 1967 4456 anatomico

508 4487 586 4552 dono
609 4490 669 4552 dati
693 4487 936 4568 descriptionem,
959 4511 1045 4573 quant
1064 4493 1096 4553 F.
1121 4493 1165 4556 W.
1192 4489 1364 4554 Gsrveos
1396 4489 1425 4551 iu
1456 4489 1575 4552 dissert.
1598 4487 1696 4570 inaug.
1717 4491 1896 4571 divulgarit:
1920 4497 1968 4560 in-

506 4592 607 4655 versio
628 4594 744 4656 vesicae
767 4590 915 4654 urinarioe
937 4595 1095 4656 accedente
1117 4613 1172 4655 ano
1195 4591 1452 4676 praeternaturali.
1497 4591 1601 4653 beced.
1619 4593 1697 4656 tabb.
1719 4594 1794 4656 duae
1815 4595 1878 4658 litlv.
1902 4597 1965 4662 lla-

508 4697 545 4762 lis
566 4695 713 4758 Saxonum
739 4690 832 4757 1841.
877 4691 906 4755 t.
981 4793 984 4800 Ι

548 4869 647 4929 itote.
689 4869 719 4926 ln
749 4875 866 4928 mentem
894 4866 976 4925 robis
999 4874 1108 4922 revomt
1130 4878 1199 4939 puer
1221 4875 1394 4926 monstrosas
1422 4887 1504 4945 supra
1527 4869 1682 4944 descriptus
1703 4869 1842 4928 historiam
1866 4869 1966 4946 puella·

591 4995 668 5047 rum,
700 4991 781 5050 quam
814 4968 1124 5048 FilippotUccelli
1157 4971 1258 5043 publici
1287 4969 1358 5044 juris
1378 4971 1443 5032 lecit
1465 4974 1492 5030 in
1513 4971 1587 5030 libro
1609 4989 1675 5031 suo:
1707 4977 1785 5032 duno
1813 4975 1841 5034 di
1868 4973 1983 5032 clinica¹
