4716 5846
1256 671 1308 760 {8

536 887 630 954 rema,
651 881 885 944 er.rollectiona
906 879 1109 946 universitatis
1131 879 1443 959 Vitebarpansis
1465 897 1501 942 eo
1524 885 1669 959 tempore,
1690 879 1838 962 quobaca
1854 899 1923 944 cnm
1941 879 2007 944 lia·

549 981 654 1046 lensi
679 985 909 1061 consociaretur,
932 985 968 1048 ad
992 1005 1046 1048 nos
1064 985 1239 1049 mortuum
1263 993 1319 1048 eat.

535 1147 543 1152 ·
649 1121 685 1192 ll)
729 1123 898 1185 Puellae
928 1121 971 1184 ab
1001 1121 1346 1201 umbilicnusqua
1376 1119 1420 1182 ad
1452 1127 1568 1198 capent
1599 1126 1806 1194 cannatae,
1839 1129 2007 1201 quatuor

548 1219 727 1287 brachiis
746 1224 910 1286 totidem
930 1243 1004 1306 que
1027 1224 1200 1304 pedibus
1221 1223 1458 1284 instructae.
1502 1223 1634 1301 Caput,
1659 1223 1819 1284 deiectu
1841 1223 2005 1285 cerebri

534 1323 711 1406 -ajnsque
734 1327 906 1390 fornicis
925 1328 1033 1389 ossei
1056 1339 1293 1406 magnopere
1317 1325 1566 1404 deturpatum
1586 1341 1753 1406 quanquam
1776 1325 1902 1404 simplex
1922 1323 2006 1387 vide-

548 1431 598 1488 tur
623 1447 708 1502 esse,
739 1437 836 1490 umen
864 1428 1155 1508 (replicationis
1185 1426 1396 1505 vestigium
1424 1442 1488 1488 ore
1518 1425 1678 1506 duplice
1707 1425 1856 1506 prodit,
1886 1426 2006 1508 quod-

549 1537 752 1612 utrumqne
775 1532 944 1612 linguam
968 1530 1153 1593 continet
1200 1529 1309 1590 Pectus
1333 1528 1362 1590 in
1376 1529 1469 1590 latere
1490 1527 1577 1590 faciei
1600 1529 1688 1606 bujus
1701 1527 1896 1590 foedissimae
1917 1527 2007 1590 latius

550 1641 605 1704 est,
626 1646 712 1714 quam
735 1645 839 1714 pectus
863 1632 1031 1714 posterius,
1055 1632 1086 1692 in
1110 1649 1168 1712 quo
1191 1630 1329 1709 scapulae
1350 1639 1381 1691 et
1403 1630 1519 1692 humeri
1543 1629 1699 1710 utriunque
1729 1630 1829 1693 lateris
1849 1631 1884 1691 ad
1907 1628 2007 1710 regio·

550 1753 618 1796 nem
640 1737 827 1800 auricularem
850 1739 906 1800 sibi
932 1756 1018 1818 quarn
1040 1737 1166 1798 maxime
1189 1735 1382 1815 approximati
1405 1741 1485 1809 sunt,
1509 1751 1595 1814 quam
1613 1733 1651 1794 ob
1673 1751 1790 1796 causam
1813 1750 2007 1796 mammarum

548 1837 676 1916 papillae
688 1842 787 1904 minus
800 1841 920 1912 distant,
944 1859 1031 1920 qnam
1048 1839 1078 1900 in
1089 1838 1241 1908 anteriore
1257 1847 1387 1916 pectore.
1432 1835 1596 1900 Funieulus
1611 1835 1792 1900 umbilicalis
1806 1837 2006 1910 crassisimus,

549 1938 585 2000 ad
610 1940 804 2006 insertionem
827 1945 1024 2019 constrictus,
1051 1963 1119 2006 vasa
1138 1962 1190 2008 sex
1214 1944 1354 2006 conduct
1399 1941 1483 2004 coni.
1512 1948 1676 2005 monestrum
1711 1941 1911 2014 simillimum,
1934 1941 2007 2004 item

549 2041 729 2118 femineum,
759 2047 838 2126 quod
860 2049 948 2112 Otto
970 2049 991 2110 l.
1017 2067 1042 2112 c.
1066 2065 1133 2127 pag.
1158 2045 1218 2110 ltu
1242 2045 1405 2125 descripsit
1425 2054 1454 2106 et
1477 2045 1551 2110 Tala.
1574 2044 1671 2111 XXlV.
1699 2041 1765 2122 lig.
1786 2043 1809 2106 l.
1839 2042 2006 2109 illustrarit.

549 2145 606 2220 Qut
630 2148 835 2212 similitudinis
857 2135 1015 2225 summae,
1038 2169 1113 2232 quoe
1135 2151 1212 2213 inter
1231 2159 1399 2212 monstrum
1422 2157 1555 2210 nostrum
1578 2154 1609 2209 et
1631 2144 1858 2211 vratislavienso
1879 2145 2008 2206 interce-

549 2247 601 2320 dit,
627 2251 771 2314 rationem
794 2251 961 2327 habuerint,
984 2255 1022 2316 iis
1042 2254 1091 2314 vin
1115 2252 1283 2314 videbimus
1305 2251 1397 2314 nimis
1419 2249 1548 2312 audaces
1572 2267 1640 2310 esse
1663 2249 1689 2310 si
1712 2247 1845 2328 utrisque
1868 2245 2005 2326 gemellis

548 2354 684 2418 connatis
713 2375 820 2418 reorum
843 2365 1043 2418 monstrorum
1064 2354 1226 2434 duplicium
1250 2372 1345 2433 genus
1369 2352 1505 2416 stabilire
1527 2369 1686 2425 conemur,
1710 2352 1789 2434 quod
1811 2351 1848 2412 ad
1869 2347 2007 2412 deredel-

547 2455 622 2534 pbos
645 2458 779 2536 proxime
802 2458 932 2520 accedat.

652 2592 707 2668 lt)
747 2593 916 2658 Puellae
935 2593 1129 2672 pelvibus,
1149 2593 1363 2668 uentribus,
1385 2593 1703 2673 pectoribusque
1724 2589 1898 2671 denique
1920 2607 2006 2652 con-

535 2706 679 2770 flatae,
709 2709 876 2776 quatuor
906 2696 1103 2770 brachiis,
1133 2696 1298 2775 pedibus
1318 2697 1454 2762 tribua
1483 2697 1726 2768 instructae‚·
1762 2696 1882 2758 tertio
1911 2696 2007 2774 pede

549 2807 636 2858 octo
658 2797 801 2876 digitis
824 2799 1024 2876 praedito,
1057 2817 1214 2878 quorum
1239 2800 1310 2862 duo
1332 2801 1450 2862 medii
1479 2799 1699 2879 coniuncti,
1728 2806 1808 2860 tres
1829 2798 1872 2859 ab
1894 2807 2004 2860 utro-

549 2919 626 3002 que·
643 2899 771 2962 latero
792 2901 981 2980 sejuncti.
1027 2901 1108 2964 Colla
1131 2911 1160 2964 et
1179 2904 1274 2982 eapite
1298 2904 1437 2984 duplicia.
1481 2905 1570 2968 Vulra
1592 2904 1717 2984 simplex
1731 2903 1810 2966 inter
1822 2904 1915 2982 pedes
1929 2903 2003 2966 bene

548 3005 690 3069 formatos
713 3005 749 3064 ad
772 3023 836 3069 eam
858 3007 952 3068 trunci
974 3004 1081 3070 facicm
1105 3005 1227 3078 directa,
1250 3007 1297 3068 cui
1320 3007 1471 3072 funiculus
1493 3006 1815 3072 unrliiiicelisiosertus
1829 3015 1886 3076 est,
1910 3006 2007 3071 tribus

550 3106 630 3168 vasis
655 3106 828 3170 instructus.
872 3107 905 3169 ln
928 3109 987 3170 line
1010 3111 1177 3190 posteriore
1200 3109 1332 3188 perinaei
1357 3109 1403 3170 ani
1429 3109 1643 3188 incoopertura
1665 3115 1721 3180 est,
1744 3125 1841 3186 pone
1864 3116 1899 3169 et
1923 3126 2007 3186 pro-

549 3212 646 3273 xime
666 3211 762 3273 hanc
780 3213 902 3274 altera
924 3223 1128 3292 apertura,
1153 3231 1251 3294 quae
1274 3212 1494 3292 appendice
1518 3212 1804 3274 membranacea
1827 3229 1872 3271 ex
1895 3221 2006 3290 parte

533 3325 652 3380 'tecta
675 3325 751 3386 est,
786 3314 1013 3376 eradicatae
1045 3316 1149 3376 latae
1173 3315 1344 3394 speciem
1368 3331 1521 3394 praese
1545 3315 1708 3377 ferente.
1754 3313 1931 3392 lnregione
1954 3314 2007 3376 ab·

533 3419 689 3483 'dominati
713 3418 895 3498 posteriore,
919 3435 1004 3498 qnam
1029 3417 1059 3478 in
1081 3417 1223 3478 inferiore
1246 3426 1330 3495 parte
1354 3435 1420 3478 curn
1443 3417 1519 3498 pede
1541 3418 1628 3480 tertio
1653 3418 1862 3480 cohaerentem
1886 3418 2008 3497 conspi-

549 3527 655 3596 cimus,
675 3522 792 3602 papilla,
818 3522 922 3601 exigua
946 3523 1077 3604 quidem,
1102 3522 1155 3584 sed
1178 3520 1420 3584 manifestissima
1443 3541 1479 3584 eo
1500 3529 1613 3601 puncto
1629 3521 1814 3594 observatur,
1838 3539 1896 3602 quo
1919 3539 1935 3579 e
1959 3537 2008 3580 re·

532 3630 637 3710 'pinne
659 3627 690 3688 in
713 3627 861 3688 anteriore
884 3627 958 3688 lucie
980 3627 1140 3690 umbilicus
1164 3625 1306 3686 normalis
1331 3635 1386 3687 est.
1410 3659 1451 3670 —
1496 3624 1749 3704 Xiphodpmis
1773 3625 2006 3686 bonmonstrum

548 3732 731 3796 simillimum
758 3731 815 3793 buc
845 3749 941 3810 nsque
974 3729 1004 3790 in
1034 3747 1079 3808 sp.
1107 3747 1134 3788 r.
1166 3736 1348 3790 asservatum
1371 3728 1534 3791 dissectum
1558 3747 1617 3790 non
1641 3738 1702 3800 estc
1725 3730 1854 3791 exterior
1875 3727 2006 3807 pectoris

549 3839 741 3899 conformatio
768 3855 838 3897 vern
868 3854 901 3896 ea
925 3844 987 3906 est,
1018 3830 1141 3912 quaesi
1166 3834 1261 3893 cultro
1285 3833 1448 3912 probantur
1469 3832 1655 3911 conjecturae
1676 3839 1814 3903 nostrae,
1842 3840 2007 3893 sterno·

549 3939 747 4018 dymornm
771 3939 867 4018 possit
889 3955 996 3999 nomen
1020 3936 1192 3997 defendere.

602 4123 604 4130 ,
654 4053 707 4138 ll]
757 4057 1015 4120 Gemellorum
1060 4055 1289 4136 bicipitium
1329 4053 1536 4124 sceletum,
1571 4049 1732 4113 brachio
1772 4051 2006 4114 instructum

551 4160 669 4223 tertio
705 4159 956 4236 imperfecto,
992 4179 1031 4220 ex
1056 4159 1201 4221 duobus
1233 4158 1470 4238 composito.
1514 4155 1624 4218 liarum
1656 4155 1799 4215 inlautum
1831 4163 2007 4216 structuram

532 4257 807 4334 'Mactettus*)
830 4263 859 4322 in
884 4281 974 4341 nperc
997 4261 1114 4326 laurlato
1137 4263 1296 4342 descripsit
1319 4271 1348 4325 et
1371 4261 1449 4324 tabb.
1471 4269 1537 4323 octo
1560 4259 1700 4340 depinxit.
1746 4259 1833 4334 Quod
1858 4268 2008 4321 monstro·

544 4429 859 4446 ρ-...ᾔ-

531 4569 536 4576 ·
590 4535 617 4616 *)
641 4539 672 4596 Ι..
693 4555 716 4594 c.
741 4553 801 4612 pap.
826 4533 865 4592 76
887 4543 912 4591 et
935 4549 1012 4606 seqq.
1057 4535 1203 4592 columnae
1226 4534 1392 4595 uertebrales
1415 4535 1448 4591 erl
1467 4533 1592 4608 coccygia
1611 4549 1697 4606 nsque
1720 4531 1800 4590 linem
1824 4531 1901 4603 duaa,
1924 4551 1939 4594 e
1962 4552 2004 4592 so·

633 4642 683 4699 lito
707 4639 892 4698 tenebrarum
913 4651 1028 4692 numero
1050 4638 1227 4711 compositae.
1272 4638 1353 4697 Sacra
1377 4639 1439 4695 bina
1461 4637 1490 4694 in
1513 4637 1570 4695 basi
1589 4638 1740 4713 ligamentis
1758 4637 1887 4696 uniuntur
1897 4647 1924 4696 et
1945 4654 2006 4695 cum

532 4775 537 4784 ·
633 4743 743 4804 ossibus
772 4743 945 4800 innominatis
975 4741 1094 4815 perlecto
1117 4739 1284 4815 simplicibus
1308 4743 1405 4816 pelvim
1427 4741 1563 4808 efficiunt,
1585 4757 1642 4800 non
1664 4741 1715 4800 nisi
1744 4742 1840 4815 majori
1864 4739 2005 4798 latitudine

633 4866 650 4906 e
678 4863 775 4906 norma
803 4844 928 4907 aberam.
968 4845 1111 4902 (luctarum
1133 4845 1218 4902 series
1240 4845 1381 4920 utrimque
1403 4845 1482 4903 binae
1505 4889 1512 4906 .
1535 4887 1571 4905 ..
1613 4847 1738 4906 Sternunt
1760 4863 1854 4920 unum,
1876 4843 2006 4914 noterius,
