4716 5846
1240 731 1290 817 tr

447 921 455 932 ’
539 945 638 1019 Atlas
671 945 745 1042 ipsc
777 947 1039 1040 asymmetricus
1080 963 1157 1014 cum
1191 945 1308 1017 cronio
1347 944 1496 1036 itemque
1521 945 1762 1038 asymmetrico
1794 943 1996 1018 articulatur.

539 1082 661 1158 Series
686 1078 921 1155 vertebrarum
948 1079 1067 1152 dextra
1091 1083 1200 1152 minus
1222 1078 1377 1173 perlecta
1401 1075 1443 1150 ad
1460 1077 1546 1149 lutus
1563 1077 1717 1151 dextrum
1734 1077 1879 1168 atlantis,
1904 1102 1999 1174 quo-¹

543 1237 620 1288 cum
648 1223 811 1288 concreta
836 1223 909 1305 cst,
936 1235 1018 1289 osse
1046 1213 1190 1309 quodam
1219 1211 1401 1306 irregulari
1424 1215 1642 1304 terminatur,
1667 1217 1741 1310 ipso
1768 1214 1913 1288 fumasse
1939 1224 1996 1288 at-

537 1351 629 1426 lante
663 1351 771 1422 altero
805 1353 926 1446 capitis
956 1348 1131 1446 deperditi.
1185 1347 1375 1422 Tboraceur
1409 1371 1534 1422 versus
1561 1347 1792 1423 vertebrarum
1819 1350 1995 1446 duplicitas

536 1488 685 1582 pertinet
718 1483 761 1556 ad
794 1487 940 1580 quintam
973 1486 1065 1560 dorsi
1092 1483 1301 1559 vertebram.
1353 1483 1545 1558 Vertebrao
1569 1485 1723 1560 dorsalos
1749 1505 1892 1558 numero
1917 1495 1997 1560 snut

540 1621 724 1712 tredecim,
747 1619 880 1694 decima
906 1624 1002 1693 tertia
1031 1629 1084 1693 est
1097 1643 1173 1692 cum
1190 1620 1393 1694 duodecima
1420 1630 1595 1710 concrete,
1616 1620 1774 1715 idemque
1803 1619 1895 1693 valet
1920 1621 1995 1694 sal-

537 1767 608 1830 tem
630 1755 674 1828 de
699 1759 805 1852 qtiuis
830 1758 919 1828 iuter
948 1755 1082 1828 limam
1109 1765 1145 1827 et
1172 1757 1295 1828 imam.
1347 1757 1452 1830 Dorsi
1478 1755 1661 1830 vertebrae
1686 1759 1721 1828 iu
1747 1757 1917 1828 sinistrum
1939 1755 1996 1828 la·

537 1898 592 1962 tus
617 1899 654 1960 ει
679 1888 836 1964 deorsum
864 1901 1025 1966 curvatae
1051 1901 1138 1964 sunt
1189 1889 1228 1962 lu
1255 1891 1414 1963 vertebra
1439 1891 1581 1964 lumbari
1609 1893 1665 1964 5ta
1692 1911 1799 1983 usque
1825 1889 1867 1960 ad
1884 1892 1995 1963 imam

538 2045 649 2120 aeque
675 2049 719 2098 ac
749 2029 783 2098 iu
812 2029 929 2122 priore
959 2024 1083 2100 sacrali
1107 2023 1309 2099 observatur
1338 2049 1516 2123 corporum
1546 2026 1639 2100 fissio
1675 2029 1752 2099 sive
1774 2029 1870 2118 spina
1897 2023 1997 2096 bitida

538 2164 700 2235 anterior.
758 2159 948 2233 Vertebrae
973 2157 1143 2231 lumbares
1168 2163 1382 2255 posteriores
1408 2165 1606 2256 ceteroquin
1643 2159 1820 2255 obliquae,
1846 2163 1995 2254 itemque

539 2319 580 2371 os
605 2319 751 2387 sacrum,
778 2299 823 2369 ita
850 2307 886 2368 ut
911 2300 1021 2370 omnis
1045 2300 1141 2393 spina
1176 2297 1271 2370 dorsi
1295 2301 1492 2393 serpentino
1517 2297 1617 2370 ductu
1640 2298 1750 2388 magis
1774 2317 1872 2389 mam
1898 2305 1995 2368 recto

537 2439 673 2508 tramite
696 2432 843 2507 incedat.
893 2432 1044 2506 Maxima
1068 2440 1121 2506 est
1147 2431 1334 2505 differentia
1359 2435 1448 2504 inter
1474 2440 1587 2505 costas
1613 2433 1724 2504 dextri
1746 2440 1780 2503 et
1796 2431 1921 2500 sinistri
1939 2430 1996 2502 la-

537 2575 634 2643 toris.
684 2571 794 2657 Quum
829 2568 1064 2644 vertebrarum
1098 2578 1279 2642 curvatura
1303 2573 1338 2640 in
1363 2572 1498 2641 sinistro
1525 2568 1632 2640 lutere
1658 2588 1772 2640 arcum
1801 2589 1996 2642 convexum

539 2705 683 2796 offerat,
708 2709 742 2778 in
769 2706 835 2778 boo
861 2705 971 2777 latere
997 2713 1116 2778 costae
1146 2701 1192 2773 13
1222 2703 1305 2775 nibil
1331 2705 1406 2775 lere
1431 2703 1558 2776 insoliti
1581 2704 1761 2793 exbibent3
1795 2725 1839 2776 eo
1866 2702 1997 2798 majora

539 2841 624 2912 vitia
648 2846 746 2926 suut,
780 2838 900 2932 quibus
931 2847 966 2911 tn
998 2837 1120 2912 dextro
1146 2848 1301 2936 peccant
1353 2837 1466 2912 Primo
1494 2842 1583 2912 enim
1612 2861 1771 2912 uumerus
1797 2842 1904 2933 major
1931 2851 1996 2931 est,

540 2996 619 3048 uam
650 2974 696 3044 15
730 2973 850 3048 adsunt
879 2978 914 3050 in
939 2975 1006 3048 duo
1033 2979 1168 3070 agmine
1196 2975 1413 3067 distributae,
1438 2996 1564 3068 agmen
1588 2979 1681 3071 prius
1707 2981 1857 3052 continet
1883 2989 1998 3052 custus

543 3111 564 3180 't
595 3119 630 3182 et
655 3119 846 3206 separatum
874 3121 927 3184 est
953 3112 994 3185 ab
1019 3117 1156 3206 agmine
1182 3112 1510 3209 posteriorclacnua
1525 3113 1608 3184 satis
1634 3131 1768 3204 magua,
1794 3137 1892 3208 quam
1909 3139 1999 3192 ver-

541 3245 661 3318 tebrae
690 3244 914 3342 imperfectae
948 3247 1103 3322 dorsales
1130 3260 1220 3340 tres,
1247 3251 1280 3320 in
1308 3248 1429 3320 dextra
1460 3249 1552 3320 serie
1579 3251 1821 3341 prominentes,
1849 3250 1999 3347 explent

541 3380 702 3476 Agminis
726 3384 850 3476 prioris
876 3393 994 3458 costae
1021 3385 1042 3454 'l
1072 3385 1155 3458 duas
1182 3390 1295 3459 series
1310 3386 1532 3471 constituunt3
1552 3385 1663 3456 series
1679 3389 1832 3458 exterior
1848 3405 1891 3457 ex
1911 3408 1999 3481 qua·
2042 3419 2053 3442 ·

541 3528 618 3591 tuor
651 3521 756 3592 costis
783 3523 982 3615 composita,
1007 3520 1049 3592 ad
1076 3521 1255 3595 vertebras
1282 3520 1435 3595 dorsales
1462 3521 1614 3614 aprima
1642 3518 1687 3591 ad
1713 3529 1862 3614 quartam
1887 3527 1999 3619 perti-

543 3664 612 3730 net.
668 3655 795 3744 Quarta
815 3653 915 3750 bujus
937 3659 1041 3730 seriei
1068 3667 1164 3732 costa
1187 3661 1221 3730 in
1249 3659 1461 3728 extremitate
1488 3653 1650 3726 inferiore
1671 3656 1999 3748 insiguiterdilatata

509 3779 578 3866 ἐι
603 3792 683 3867 llsss
710 3801 773 3864 est.
825 3792 971 3868 Interior
992 3804 1160 3868 costarum
1188 3795 1300 3866 series
1326 3815 1347 3864 o
1372 3790 1477 3864 tribus
1503 3789 1637 3864 ossibus
1664 3800 1808 3881 constat,
1836 3815 1922 3887 quaa
1957 3792 1999 3867 ab

543 3931 697 4002 externis
723 3937 836 4020 tecta,
863 3935 1026 4002 extremis
1050 3929 1284 4026 superioribus
1312 3937 1472 4000 externas
1494 3931 1666 4020 tangentia
1690 3949 1764 4000 cum
1793 3931 1885 4001 serie
1913 3951 2000 4002 ver·

544 4057 713 4131 tebrarum
749 4061 933 4134 dorsalium
964 4061 1081 4135 dextra
1109 4064 1186 4135 sive
1213 4060 1412 4156 imperfecta
1439 4061 1609 4135 articulari
1636 4051 1809 4137 videntur‘.
1861 4067 2000 4156 Agmen

545 4204 713 4270 costarum
750 4197 942 4272 dextrarum
976 4203 1146 4296 posterius
1180 4199 1202 4268 8
1236 4206 1349 4270 costas
1376 4198 1630 4295 complectitur,
1665 4199 1853 4294 dequibus
1882 4203 2000 4297 {rpo-

543 4331 709 4403 steriores
732 4329 911 4421 regulares
937 4331 1066 4403 dixeris
1089 4333 1193 4402 missa
1221 4336 1477 4427 compressione
1505 4335 1666 4428 quadom3
1698 4347 1769 4408 tres
1802 4340 1934 4432 priores
1958 4311 2018 4408 ad‘

544 4473 734 4538 extremum
759 4469 916 4559 superius
937 4469 1054 4540 intime
1078 4480 1261 4542 concretae
1288 4471 1386 4544 simul
1412 4472 1456 4544 ad
1482 4473 1675 4546 vertebram
1695 4473 1864 4546 dorsalom
1887 4475 1998 4549 lunam

544 4603 732 4698 pertinent,
766 4600 879 4694 ibique
907 4607 1076 4676 communi
1102 4627 1267 4701 processu
1293 4618 1411 4682 erecto
1438 4619 1537 4703 atque
1563 4613 1709 4704 capitato
1737 4613 1887 4682 instructi
1913 4620 2000 4684 sont.

546 4736 723 4810 costarum
758 4737 874 4810 barnur
895 4741 1013 4832 trium,
1041 4763 1128 4838 quae
1154 4751 1337 4816 concretae
1363 4754 1452 4836 sunt,
1478 4749 1573 4841 prior
1594 4745 1698 4818 multo
1726 4766 1823 4840 quarn
1851 4745 2000 4820 secunda

540 4870 697 4966 brevior,
724 4881 824 4968 atque
852 4873 893 4948 ab
921 4897 963 4948 ea
989 4875 1120 4972 majori
1138 4881 1319 4954 interstitio
1346 4885 1497 4972 sejuncta
1515 4889 1579 4971 cst,
1606 4901 1705 4976 quum
1722 4883 1907 4956 secundun
1926 4893 2002 4954 ter-
