4716 5846
504 936 567 1014 tv,
615 929 928 1010 annuisstlttts
955 929 1119 1006 nusum
1143 929 1532 1009 rumosoi'uonun
1557 932 1687 1008 oneo

369 1085 525 1176 quattuor
551 1074 770 1172 quaestiones
799 1067 931 1142 civibus
951 1065 995 1142 ad
1022 1065 1278 1165 disceptandum
1301 1077 1540 1166 proposuerat,
1567 1091 1706 1165 quornm
1731 1069 1820 1146 dnae

368 1211 517 1308 quidem,
543 1211 650 1284 altera
674 1203 887 1304 pbilosopbe,
913 1201 1032 1296 altera,
1061 1226 1147 1300 qnae
1159 1208 1281 1277 iterum
1306 1207 1375 1277 iam
1399 1215 1473 1278 eret
1496 1209 1682 1303 proposita,
1707 1206 1824 1305 pbilo-

366 1345 469 1441 loge,
502 1354 630 1421 evento
660 1348 859 1429 carnerunt3
890 1337 1034 1437 physica
1059 1348 1094 1413 et
1121 1339 1283 1413 historica
1309 1341 1352 1414 eb
1378 1339 1521 1436 singulis
1547 1351 1625 1414 sunt
1648 1350 1823 1416 trectetae.

368 1485 483 1579 Atque
508 1481 652 1580 physica
678 1476 826 1574 quidem,
852 1498 939 1571 quoe
965 1474 1212 1572 postulaverat,
1238 1485 1273 1550 ut
1298 1486 1531 1574 exponeretur

521 1617 821 1708 necessitudo,
848 1638 958 1712 quae
982 1617 1099 1689 inter
1119 1617 1239 1690 vires
1264 1619 1555 1708 magnetices,
1581 1614 1825 1686 electrices

521 1759 564 1824 et
590 1748 817 1823 chemices
844 1771 1008 1846 easque
1031 1748 1293 1841 intercedit,
1319 1748 1471 1844 quibus
1498 1771 1727 1847 corporum
1753 1748 1827 1822 ei-

520 1885 978 1982 iicitnrcompositio
1006 1883 1274 1980 crystallina

368 2023 459 2096 inea
478 2029 701 2118 pertractetur
726 2021 1026 2110 commentatione,
1052 2040 1139 2113 quae
1163 2020 1287 2092 lemma
1313 2020 1415 2096 bebet
1440 2021 1542 2116 ,‚Aut
1564 2021 1619 2096 die
1639 2025 1825 2120 primeren,

370 2157 671 2248 die.Urversncbe,
695 2155 825 2229 kommt
848 2153 935 2228 alles
959 2155 1043 2228 an.“
1094 2153 1135 2228 ln
1158 2155 1224 2228 bec
1251 2179 1336 2230 vero
1363 2179 1595 2254 quaecumque
1620 2157 1664 2230 ad
1691 2181 1826 2258 propo-

368 2299 465 2370 sitam
493 2297 726 2390 quaestionem
751 2294 922 2389 pertinent
947 2299 983 2362 et
1007 2297 1194 2362 memoratu
1220 2290 1324 2384 digna
1349 2301 1447 2382 sunt,
1475 2294 1577 2364 etiam
1610 2299 1825 2370 novissimo·

367 2451 442 2504 rom
477 2433 692 2502 inventorum
722 2431 809 2501 scite
844 2424 955 2497 habita
988 2425 1122 2498 ratione
1148 2424 1330 2518 diligenter
1355 2427 1500 2502 collecta
1528 2436 1563 2501 et
1587 2431 1677 2502 iusto
1702 2429 1822 2504 ordine

369 2566 531 2664 disposita
558 2573 647 2655 sunt,
673 2573 710 2635 ut
732 2564 934 2656 magneticis
959 2559 1091 2635 viribus
1117 2559 1341 2658 amplissimas
1366 2565 1401 2636 in
1426 2573 1543 2638 namne
1568 2585 1682 2638 rernm
1709 2575 1826 2662 partas

370 2723 450 2776 esse
470 2709 645 2797 appereat.
695 2699 786 2772 ilino
811 2699 884 2772 eius
902 2704 1077 2770 auctorem
1103 2694 1188 2770 ordo
1212 2700 1366 2796 praemio
1392 2700 1624 2795 dignissimum
1647 2699 1823 2777 iudicavit.

471 2837 620 2911 Recluso
644 2835 773 2910 scheda
796 2841 937 2932 apparet
959 2853 1105 2908 nomen:

419 3007 691 3083 Fridericns
722 3003 947 3080 Sebaldos
982 3001 1164 3078 Carolus
1188 3004 1418 3100 Schwarr,
1443 3007 1777 3082 lloldenstudiensis.

469 3181 641 3254 Historica
656 3183 768 3250 antem
787 3177 956 3272 qaeestio,
983 3195 1071 3268 quaa
1088 3172 1132 3248 de
1150 3173 1335 3270 'l'boringis
1359 3179 1437 3252 sive
1452 3177 1617 3274 Doringis
1644 3177 1722 3274 qnid
1748 3188 1825 3252 sta·

369 3316 528 3390 tuendum
555 3324 648 3389 esset
671 3314 793 3410 inquiri
812 3315 978 3402 iusserat,
1004 3315 1126 3384 inune
1151 3321 1374 3408 pertractator
1399 3317 1703 3405 commentatione,
1738 3333 1826 3407 qnae

369 3451 493 3524 lemme
522 3473 605 3547 prae
635 3471 676 3522 se
707 3448 775 3522 fert
808 3447 930 3538 „Quid
964 3449 1105 3542 quisque
1130 3457 1251 3544 posset
1276 3451 1342 3520 nisi
1368 3447 1542 3523 tractando
1568 3473 1638 3524 ncn
1663 3449 1790 3522 didicit
1800 3449 1825 3489 “

368 3587 454 3660 Eius
476 3589 579 3680 igitur
604 3593 724 3658 euctor
748 3583 911 3685 pleraque
925 3583 1038 3654 omnia
1064 3604 1153 3678 quae
1176 3583 1244 3656 boc
1266 3585 1436 3680 pertinent
1462 3551 1721 3678 diligentissime
1735 3607 1825 3658 con-

370 3725 526 3820 quisivit;
551 3743 630 3794 nam
657 3720 746 3816 quod
774 3718 952 3816 quaedem,
976 3739 1063 3816 puae
1091 3720 1125 3790 in
1146 3719 1231 3791 actis
1258 3719 1459 3792 Sanctorum
1483 3719 1601 3812 latent,
1625 3742 1703 3794 eom
1719 3718 1827 3816 iuge-

367 3869 463 3952 runt,
497 3859 720 3931 excusatione
746 3854 883 3948 dignum
910 3862 983 3942 est3
1015 3853 1158 3926 collecta
1186 3863 1222 3926 et
1246 3852 1337 3928 bene
1360 3854 1525 3954 disposuit
1548 3865 1584 3930 et
1606 3856 1826 3955 probabiliter

370 3995 555 4072 enarravit.
606 3991 696 4066 llinc
722 3994 788 4069 etsi
809 4013 877 4066 non
905 3989 1045 4080 desunt,
1072 3988 1115 4062 de
1143 3989 1261 4086 quibus
1288 3990 1445 4064 videatur
1470 3995 1597 4068 rectius
1621 3993 1827 4068 iudicaturus

368 4129 498 4238 inisse,
523 4131 553 4202 si
580 4127 798 4227 amplioribus
822 4126 998 4201 doctrinae
1024 4135 1061 4200 et
1085 4124 1200 4201 indicii
1223 4124 1383 4202 subsidiis
1411 4138 1505 4204 esset
1524 4150 1625 4224 usus,
1656 4151 1726 4204 non
1757 4129 1826 4203 dn-

367 4264 549 4342 bitavimos
575 4273 689 4339 umen
714 4267 750 4336 in
775 4285 852 4338 enm
878 4265 1065 4360 proemium
1091 4261 1262 4338 conferre.
1291 4301 1293 4308 ·

470 4403 598 4502 Aperta
622 4399 749 4474 scheda
775 4399 932 4474 videmus
958 4421 1101 4475 nomen:

701 4536 854 4610 lolius
882 4536 983 4613 Otto
1011 4535 1142 4636 Opel,
1170 4537 1492 4614 Saxo-Bornssus.

473 4701 514 4780 ln
548 4727 669 4782 mnnm
698 4709 879 4782 instantem
907 4714 1063 4802 mutuor
1087 4707 1231 4786 ordines
1255 4708 1317 4784 bas
1342 4707 1477 4786 ciribor
1499 4717 1692 4808 proponunt
1712 4727 1824 4804 puae·

367 4843 517 4918 stiones:
