4716 5846
529 919 665 996 lramm
693 921 850 996 oolumna
876 924 1055 1025 oqnjouota
1081 921 1190 1019 pedes
1216 919 1321 996 labet
1345 920 1431 996 duos
1455 923 1667 1018 posteriores
1679 920 1880 1015 mpulares3
1906 919 1987 1018 pel-

527 1059 584 1132 vis
606 1059 711 1132 altera
737 1079 847 1152 eaque
866 1057 1067 1154 imperloota
1081 1058 1123 1130 ad
1143 1057 1299 1130 dextrum
1323 1055 1410 1130 latus
1432 1059 1558 1154 prioris
1575 1077 1651 1128 oum
1675 1055 1769 1130 ilium
1795 1077 1877 1129 osse
1892 1077 1984 1130 eou-

523 1197 647 1286 juneta-
665 1203 729 1268 est
781 1193 888 1285 Hujus
913 1193 1026 1290 pelvis
1052 1193 1172 1268 dextra
1199 1212 1279 1288 pars
1316 1189 1481 1264 exilium
1509 1202 1545 1264 et
1562 1191 1661 1264 metrii
1687 1213 1769 1265 osse
1794 1193 1984 1289 eomposita

527 1329 739 1404 acetabulum
765 1350 829 1425 pro
854 1332 955 1402 tertio
980 1329 1071 1424 pede
1096 1332 1203 1417 sistit3
1229 1327 1366 1400 maiora
1392 1347 1471 1424 pars
1499 1345 1584 1400 vero
1597 1349 1666 1402 uon
1680 1335 1735 1401 est
1756 1328 1823 1398 uisi
1839 1348 1881 1400 os
1899 1328 1982 1403 uui-

526 1465 793 1558 adalongum,
827 1466 882 1537 eoi
911 1463 971 1538 filo
996 1464 1103 1558 louqo
1129 1462 1310 1538 teudinoso
1336 1485 1400 1559 pes
1427 1469 1563 1557 quartus
1588 1461 1807 1560 imperleetos
1832 1483 1983 1558 suspeu-

525 1621 584 1674 sos
618 1609 683 1672 est.
740 1599 799 1672 Ad
827 1598 916 1672 hone
949 1599 1093 1696 pedem,
1127 1601 1226 1674 soeio
1250 1619 1315 1672 auo
1340 1599 1445 1674 multo
1471 1596 1685 1689 debiliorem,
1708 1601 1879 1695 pertinent
1903 1619 1983 1672 orus
2022 1651 2028 1662 .

523 1733 635 1810 breve
661 1743 696 1808 et
721 1757 761 1808 oa
787 1738 959 1808 metatursi
985 1755 1061 1809 oum
1089 1758 1157 1808 uno
1184 1735 1304 1828 digito.

626 2209 771 2308 Propter
794 2210 1008 2284 manifestam
1031 2211 1282 2286 similitudinem
1307 2221 1452 2286 annecto
1480 2213 1536 2284 hie
1561 2212 1734 2285 historiam
1762 2213 1853 2302 oum,
1880 2233 1978 2306 mam

526 2345 625 2422 Otto
651 2351 686 2420 in
713 2370 819 2444 opere
844 2343 980 2420 laudato
1006 2369 1086 2444 pag.
1114 2345 1201 2422 256.
1229 2373 1291 2426 nro
1317 2349 1390 2422 413
1417 2347 1543 2447 publiei
1564 2350 1650 2440 juris
1677 2345 1771 2438 leeit,
1794 2355 1982 2442 repetoque

520 2489 626 2554 totam
655 2481 936 2582 descriptionem
960 2507 1035 2558 oum
1051 2487 1141 2558 enim
1160 2489 1194 2558 in
1220 2486 1344 2561 ultimis
1371 2482 1505 2558 oasibus
1524 2492 1651 2556 tantum
1678 2483 1721 2556 de
1747 2481 1881 2556 ossibus
1908 2480 1984 2553 dis-

522 2621 750 2714 seruerimus,
777 2619 1016 2716 complementi
1043 2642 1145 2692 eausa
1171 2633 1206 2694 et
1230 2627 1375 2720 partium
1401 2621 1553 2694 mollium
1587 2607 1786 2691 structuram
1821 2625 1982 2713 praeter·

521 2755 708 2828 naturalem
724 2753 886 2827 adnotare
903 2753 1041 2850 placuit.
1079 2752 1317 2828 Monstrum
1343 2758 1522 2830 ovinum
1550 2777 1640 2826 oum
1664 2755 1785 2851 pelvi
1810 2763 1851 2827 et
1878 2755 1982 2828 duo·

522 2882 600 2962 hus
631 2887 822 2990 pedibus
848 2889 1093 2987 superfluis
1122 2893 1163 2964 in
1190 2891 1348 2988 dextro
1382 2889 1545 2966 latere.

624 3022 669 3084 ad
690 3021 769 3102 quod
792 3024 991 3098 nuntronio,
1015 3029 1182 3089 monstrum
1207 3029 1413 3102 masculinum,
1437 3037 1588 3089 maturum
1611 3037 1641 3088 et
1664 3045 1801 3106 magnum
1826 3036 1982 3110 astatque

523 3126 703 3188 anteriorem
722 3125 857 3205 corporis
874 3137 988 3205 partem
1011 3131 1196 3209 simplicem,
1225 3131 1424 3209 posteriorem
1448 3149 1519 3192 aero
1542 3130 1735 3208 duplicatam,
1764 3131 1804 3192 ita
1833 3141 1867 3192 ut
1889 3147 1981 3193 unum

525 3239 622 3309 eaput,
646 3229 764 3302 oollam,
788 3239 892 3308 pectus
910 3240 941 3293 et
961 3233 1036 3294 duae
1060 3234 1264 3296 extremitates
1280 3233 1448 3296 anteriores
1470 3232 1667 3311 reperiantur,
1693 3251 1768 3312 quae
1783 3232 1880 3296 omnia
1900 3241 1980 3296 racto

524 3338 705 3398 eoniorrnata
729 3343 808 3397 sunt.
852 3335 1005 3399 Posterior
1027 3345 1123 3398 autem
1147 3338 1281 3416 eorporis
1303 3355 1372 3418 pars
1395 3355 1454 3398 non
1484 3353 1553 3396 rare
1576 3335 1645 3394 lissa
1668 3345 1717 3396 aut
1738 3335 1897 3398 divaricata
1921 3345 1982 3408 ests

523 3439 760 3500 sedsioistro
783 3437 915 3516 pelvis
939 3437 1056 3499 lateri
1080 3439 1212 3500 altera
1236 3439 1423 3520 quaedam
1446 3457 1528 3500 oum
1551 3435 1705 3498 duobus
1728 3439 1898 3518 pedibus
1921 3439 1982 3501 ad-

468 3611 473 3620 .
521 3541 678 3616 haeret,
707 3542 747 3603 ita
777 3551 809 3603 ut
838 3551 1004 3604 monstrum
1037 3544 1224 3605 extrinsecus
1253 3541 1416 3624 spectatum
1439 3545 1578 3624 dippgnm
1601 3549 1740 3621 appareat
1762 3551 1792 3602 et
1814 3563 1867 3604 sex
1889 3543 1982 3622 pedes

521 3645 667 3710 ostendat.
710 3645 772 3708 llas
794 3645 897 3726 pelves
918 3646 949 3708 io
973 3647 1141 3710 lumborum
1156 3647 1457 3726 regiormoohaerent,
1484 3649 1532 3712 ubi
1548 3648 1578 3712 io
1593 3646 1715 3710 sinistro
1737 3646 1827 3708 latere
1849 3667 1982 3728 magua

522 3749 725 3812 columnae
749 3749 925 3832 spinalis
947 3765 1134 3832 apertura
1158 3755 1307 3830 cernitur,
1335 3773 1390 3835 per
1412 3775 1498 3838 quarn
1519 3753 1629 3832 digitus
1651 3749 1683 3812 iu
1705 3751 1908 3814 vertebrarum
1932 3771 1981 3814 oa-

522 3852 619 3913 nalem
642 3853 726 3933 injici
749 3865 864 3933 potest,·
887 3856 943 3917 hoe
969 3858 1040 3919 uitio
1062 3859 1165 3939 spinae
1186 3859 1292 3920 bifidae
1315 3877 1407 3938 genus
1431 3861 1462 3920 in
1486 3857 1575 3918 dorso
1599 3853 1776 3932 conspicuae
1800 3854 1984 3926 continetur,

521 3949 575 4011 uhi
606 3957 682 4017 cutis
711 3975 780 4019 vera
810 3959 909 4021 delicit
939 3969 967 4020 at
998 3961 1080 4024 locus
1101 3963 1221 4043 quidam
1245 3963 1395 4042 elliptieus
1420 3962 1517 4024 tunioa
1538 3958 1712 4021 tenuissima
1734 3966 1763 4019 et
1785 3957 1903 4037 dirupta
1926 3957 1980 4019 ob-

522 4053 630 4115 ductus
651 4057 718 4134 ejus
740 4059 884 4123 iodicium
907 4063 1040 4141 praebet.
1086 4065 1184 4143 Prope
1209 4064 1265 4126 hoo
1288 4065 1422 4126 toramen
1440 4083 1496 4142 per
1516 4062 1669 4124 musculos
1691 4069 1820 4131 tautum,
1843 4077 1903 4122 nou
1924 4077 1981 4140 per

522 4175 626 4220 oerum
654 4159 812 4224 articulum
840 4183 928 4244 parva
961 4166 1102 4248 quaedam
1125 4177 1156 4230 et
1177 4166 1321 4229 deformis
1345 4165 1440 4246 pelais
1470 4163 1555 4226 affixa
1577 4173 1639 4238 est,
1667 4183 1742 4246 quae
1764 4162 1927 4244 premendo
1951 4171 1980 4226 et

522 4259 668 4323 morando
689 4260 815 4325 sortasse
839 4267 911 4329 illud
933 4268 1066 4332 loramen
1090 4269 1180 4331 efficit
1199 4279 1229 4331 et
1251 4267 1452 4331 tantummodo
1476 4285 1512 4328 en
1532 4266 1651 4328 ossibus
1675 4263 1877 4337 innominatis,
1898 4264 1979 4324 nullo

522 4361 698 4442 interposito
721 4381 790 4424 osse
810 4385 906 4442 sacro,
930 4371 1172 4450 compositaest,
1197 4371 1248 4434 sed
1271 4389 1394 4452 parvum
1418 4369 1564 4452 quoddam
1586 4389 1688 4431 cavum
1717 4367 1857 4430 eontinet.
1900 4367 1981 4431 llus·
2026 4410 2030 4418 ·

522 4465 658 4529 autorum
681 4473 788 4550 septa,
819 4468 929 4546 quihus
951 4473 1048 4552 pelvis
1076 4473 1149 4536 haee
1171 4491 1391 4555 supervacanea
1421 4473 1564 4546 vestitur,
1584 4491 1642 4534 noa
1665 4471 1750 4534 laoila
1774 4477 1820 4532 ast
1844 4469 1978 4546 delinire,

523 4585 614 4650 quum
637 4578 803 4630 monstrum
827 4587 898 4630 sane
919 4573 1106 4636 rarissimum
1128 4578 1219 4640 nimia
1244 4579 1363 4642 laedere
1383 4597 1443 4640 non
1466 4577 1600 4640 audeam.
1645 4577 1719 4640 Cura
1751 4592 1784 4636 ea
1812 4572 1890 4652 pelvi
1920 4576 1979 4640 dua

521 4672 613 4752 pedes
634 4672 783 4754 conjuncti
808 4684 887 4748 sunt,
912 4676 962 4758 qui
986 4676 1103 4740 duobus
1124 4679 1283 4744 ordinariis
1295 4681 1388 4744 multo
1406 4689 1475 4743 sunt
1491 4682 1631 4755 minores,
1653 4675 1827 4760 praesertim
1844 4677 1977 4750 interior,

522 4779 572 4860 qui
595 4789 717 4860 propter
735 4779 821 4858 spatii
843 4781 997 4860 angustias
1020 4799 1125 4861 parum
1149 4793 1194 4844 est
1218 4785 1353 4849 evolutus
1383 4793 1413 4846 et
1434 4785 1555 4865 regione
1577 4782 1685 4848 crurali
1710 4797 1814 4844 careas
1838 4781 1979 4842 elamore

521 4891 635 4954 tantum
658 4893 685 4946 et
707 4883 783 4964 pede
805 4891 932 4949 constat.
975 4882 1098 4968 Utrique
1119 4885 1196 4964 pelvi
1219 4888 1348 4950 adnexae
1369 4898 1440 4951 sunt
1461 4897 1597 4970 partes
1621 4885 1819 4968 genitales
1840 4895 1870 4947 et
1888 4899 1980 4944 eau-
