4716 5846
1061 689 1111 776 1³

358 909 403 980 tia
435 926 504 979 uon
529 905 595 1000 nisi
628 901 754 976 issara-
781 899 893 974 distet
944 902 1083 995 Agmau
1118 909 1286 976 costarum
1330 903 1478 976 artorius
1513 923 1589 974 oum
1622 905 1814 998 posteriora

359 1040 520 1135 angulum
546 1039 643 1134 qnasi
665 1035 801 1123 format,
828 1040 862 1108 iu
888 1034 986 1132 cujus
1012 1033 1116 1110 ioudo
1141 1034 1262 1109 lacuna
1288 1059 1389 1133 supra
1416 1035 1504 1108 dicta
1527 1036 1627 1128 latet,
1652 1039 1687 1108 iu
1713 1060 1812 1132 quam

357 1173 502 1248 musculi
531 1177 656 1246 iubant
688 1169 731 1242 od
762 1171 934 1268 scapulam
964 1170 1063 1268 podis
1097 1174 1275 1245 autorioris
1311 1169 1421 1246 dextri
1445 1175 1651 1266 (interioris)
1677 1175 1812 1267 partiu-⁴

358 1319 492 1406 gentes.

461 1443 550 1518 Ossa
565 1451 715 1539 pectoris
730 1447 764 1516 in
781 1447 896 1540 priore
912 1449 1010 1538 parte
1037 1445 1073 1516 in
1096 1441 1235 1516 brachia
1263 1443 1330 1516 duo
1345 1442 1490 1516 deducta
1502 1452 1591 1533 sunt,
1616 1445 1704 1516 inter
1727 1463 1817 1536 quae

357 1579 520 1677 scapulae
536 1581 755 1652 accessorius
769 1579 922 1652 inclusae
947 1587 1036 1672 suut,
1062 1577 1238 1652 brachium
1263 1579 1418 1652 dextrum
1441 1601 1488 1650 ex
1514 1561 1656 1673 mutuor
1678 1576 1813 1651 ossibus

360 1714 586 1810 compositum
614 1734 688 1786 cum
717 1717 854 1807 agmine
879 1716 995 1809 priore
1022 1721 1192 1786 costarum
1218 1712 1330 1786 dextri
1353 1715 1470 1786 lateris
1496 1722 1549 1786 est
1574 1714 1806 1804 conjunctum,

359 1848 532 1922 brachium
566 1852 738 1921 sinistmm
766 1847 833 1922 duo
867 1848 969 1922 ruodo
992 1869 1073 1920 ossa
1100 1869 1208 1941 eoquo
1235 1851 1432 1942 angustiora
1457 1849 1560 1922 babet
1584 1871 1660 1920 cum
1687 1847 1814 1920 duabus

358 1985 466 2056 costis
491 1983 659 2078 prioribus
684 1987 810 2057 sinistri
835 1984 954 2056 lateris
976 1986 1167 2056 commissa.
1220 1983 1397 2058 Posterior
1427 1987 1535 2058 sterni
1564 2005 1644 2080 pars
1670 1983 1818 2079 simplex

360 2130 396 2193 ot
428 2118 494 2194 leta
529 2119 683 2191 foramen
717 2121 913 2193 membrana
943 2118 1130 2192 obturatum
1166 2124 1319 2193 continet
1352 2095 1483 2215 sibique
1519 2119 1682 2192 adextm
1708 2119 1818 2192 latero

359 2277 484 2348 agmen
511 2263 681 2327 costarum
704 2254 894 2328 dextrarum
922 2259 1105 2350 posterius,
1129 2277 1149 2326 a
1175 2258 1313 2328 sinistro
1342 2255 1451 2328 latere
1477 2255 1630 2349 reliquae
1649 2255 1746 2344 buius
1761 2253 1817 2326 la-

358 2393 442 2464 teris
468 2399 588 2462 costae
614 2393 818 2462 inseruntur.

460 2523 573 2598 Pedes
599 2527 785 2598 accessorii
808 2523 951 2621 pedibus
971 2526 1140 2622 prioribus
1153 2525 1359 2601 normalibus
1383 2526 1484 2624 paulo
1500 2525 1701 2620 graciliores
1729 2534 1819 2616 suut,

358 2661 520 2758 scapulae
545 2682 631 2734 vcro
656 2662 759 2734 multo
785 2664 1015 2754 angustiores.
1065 2661 1104 2736 In
1130 2663 1270 2759 scapula
1297 2669 1403 2756 (quae
1430 2659 1594 2734 danuam
1611 2661 1723 2733 locum
1749 2657 1819 2733 ob-

357 2800 462 2887 tinet,
497 2794 681 2869 secuudum
711 2804 912 2868 sauctorum
937 2805 1053 2870 tamen
1076 2801 1213 2871 sinistra
1241 2797 1320 2886 est)
1346 2801 1443 2894 spina
1470 2805 1581 2870 exstat
1608 2807 1643 2870 et
1668 2815 1818 2891 proces-

357 2953 417 3008 sus
434 2931 587 3006 insolitus
613 2935 647 3006 iu
669 2934 825 3024 margine
850 2935 1043 3022 anterioro;
1073 2935 1180 3008 altera
1206 2934 1343 3031 scapula
1371 2935 1472 3006 etiam
1500 2936 1675 3026 augustior
1701 2939 1814 3004 umen

357 3071 510 3141 crassior
536 3075 599 3140 est

464 3202 585 3300 Caput,
610 3207 658 3276 uti
674 3226 775 3300 supra
802 3202 884 3295 dixi,
912 3205 1081 3301 obliquum
1108 3217 1143 3278 et
1164 3210 1438 3303 aspumatricom
1467 3215 1532 3295 est,
1560 3205 1660 3300 quale
1685 3208 1720 3277 iu
1749 3222 1819 3294 ag·

357 3344 410 3414 nis
447 3348 481 3412 et
512 3339 626 3414 vitulis
662 3339 845 3432 dicepbalis
882 3343 1019 3436 saepius
1046 3341 1135 3433 vidi,
1165 3341 1221 3414 hic
1254 3341 1520 3416 dommianus
1546 3350 1750 3414 excavatum
1779 3345 1819 3410 et

358 3476 461 3572 paolo
487 3476 627 3550 brevius
654 3484 720 3564 cst,
745 3475 915 3546 sinistrum
941 3498 1025 3549 vero
1054 3497 1248 3550 convexum
1275 3485 1310 3550 et
1335 3482 1472 3552 omuino
1488 3479 1614 3568 majus3
1640 3475 1729 3548 baec
1745 3471 1817 3544 dii·-

358 3609 505 3682 ferentia
530 3613 765 3703 maximopere
787 3612 822 3682 in
847 3619 990 3706 unoque
1009 3611 1223 3684 mandibulae
1237 3635 1332 3684 ramo
1349 3612 1563 3688 observatur.
1613 3612 1728 3701 Regio
1752 3629 1820 3681 oc·

360 3744 504 3842 cipitalis
531 3753 711 3841 praeterea
726 3742 894 3818 foramine
921 3769 1047 3840 magno
1063 3751 1096 3820 in
1112 3751 1325 3844 superiorem
1344 3759 1378 3822 et
1396 3749 1549 3821 dextram
1568 3755 1699 3844 partem
1716 3744 1818 3817 elon·

359 3888 441 3974 gato
458 3890 601 3974 peccat;
619 3877 757 3975 condyli
775 3879 1002 3973 irregularem
1019 3905 1203 3978 processus
1213 3883 1379 3978 juguleris
1395 3887 1430 3958 iu
1445 3883 1570 3956 'dextro
1586 3882 1692 3954 latere
1711 3878 1819 3952 deest.

465 4013 607 4090 Viscera
633 4015 1037 4112 pectorisetabdominis
1063 4017 1287 4092 Henricus
1313 4019 1488 4094 blockal
1511 4043 1530 4091 a
1557 4012 1820 4104 Homsbacb,

360 4173 459 4246 quum
481 4151 720 4248 perlustraret,
754 4152 881 4226 nullum
918 4152 1118 4250 duplicitatis
1150 4158 1285 4248 signum
1317 4177 1357 4228 se
1382 4159 1554 4252 reperisse
1589 4152 1749 4241 affirmat,
1785 4152 1819 4223 iu

359 4295 458 4381 septo
492 4287 757 4362 ventricolarum
791 4288 906 4362 cordis
932 4288 1089 4364 iorumou
1121 4293 1455 4364 communicatorium
1493 4313 1600 4385 propo
1626 4288 1724 4362 basin
1751 4283 1816 4356 ad-

361 4417 443 4508 iuit;
467 4425 590 4496 arteria
611 4421 786 4499 subclavia
811 4424 856 4498 ad
879 4425 1003 4522 perlem
1031 4426 1185 4500 dextrum
1212 4449 1302 4522 ponc
1323 4426 1495 4502 tracbeam
1523 4437 1558 4500 et
1582 4422 1814 4522 oesophagun

362 4551 576 4630 decurrebat.
