4716 5846
493 871 550 944 Sd)
595 873 731 938 Pullus
764 875 981 940 anserinus
1012 893 1155 957 magnus,
1192 877 1239 940 cni
1270 877 1350 940 iuter
1367 887 1524 961 utramque
1542 883 1590 945 sni
1612 895 1780 964 aperturam
1801 905 1856 970 pos

389 980 579 1044 accessorius
600 981 760 1060 dependet.
803 981 942 1045 Crucis
963 982 1053 1046 loco
1074 983 1146 1044 duo
1169 991 1343 1047 tumores
1372 991 1547 1058 exstant,
1579 987 1739 1068 ligamento
1771 991 1855 1056 bussi

391 1083 470 1146 inter
484 1102 517 1146 se
538 1083 645 1164 juncti,
668 1103 794 1166 quorum
819 1087 945 1150 interior
966 1088 1077 1151 transit
1094 1087 1125 1152 in
1148 1095 1310 1160 tarsum;
1337 1086 1456 1166 digiti
1478 1097 1639 1168 quatuor
1661 1093 1784 1156 eandem
1808 1093 1856 1157 di-

391 1185 554 1246 rcctionem
578 1185 687 1250 habeut
706 1197 736 1251 ct
757 1189 948 1270 symmetrieo
969 1190 1109 1270 dispositi
1130 1201 1209 1254 sont.
1253 1189 1345 1270 Digiti
1369 1191 1427 1256 dno
1450 1191 1541 1256 medii
1563 1192 1717 1258 breviores
1739 1204 1855 1260 etcou·

389 1288 465 1352 creti
481 1298 568 1366 sunt;
588 1291 705 1355 etiauni
729 1291 890 1370 digitorum
913 1309 1056 1356 numerus
1075 1293 1243 1374 legitimum
1264 1311 1422 1358 numerum
1445 1313 1507 1358 non
1527 1307 1657 1376 superat,
1679 1307 1778 1362 tamen
1798 1301 1855 1366 di·

255 1391 260 1410 ‘
388 1391 582 1456 stributio
606 1395 822 1474 digitorum
844 1394 1139 1474 duplicatiouis
1157 1395 1382 1475 signumest.
1424 1396 1853 1480 llabemusigiturmonstrum

390 1494 499 1576 duplex
521 1497 558 1560 ad
579 1497 715 1562 altiorem
737 1501 961 1581 ppgomelorum
981 1501 1107 1580 gradum
1130 1509 1274 1562 evectum.

492 1631 545 1697 et.
567 1631 623 1713 86)
667 1637 742 1698 ltuo
765 1635 893 1699 lectus
915 1637 1092 1699 anserini
1115 1636 1194 1698 sibi
1214 1635 1425 1710 simillimi,
1447 1635 1542 1717 pedo
1564 1655 1854 1716 supervacaneo

388 1736 578 1816 praediti.
623 1739 657 1801 ln
681 1749 806 1820 utraque
828 1739 941 1800 avicula
964 1757 1019 1819 pes
1040 1740 1148 1801 tertius
1168 1739 1304 1818 provenit
1328 1739 1408 1801 inter
1431 1737 1505 1802 duas
1534 1738 1583 1800 ani
1615 1750 1789 1820 aperturam
1823 1743 1855 1807 iu

388 1850 517 1923 utroque
546 1841 622 1922 pede
652 1842 824 1906 accessorio
854 1843 964 1906 adsunt
990 1842 1111 1921 digiti
1141 1843 1308 1923 quinque
1335 1841 1508 1904 membrana
1535 1843 1685 1906 communi
1715 1845 1796 1911 inter
1819 1867 1853 1910 se

383 1946 501 2023 juncti,
539 1947 804 2024 symmetrici,
842 1965 969 2027 quorum
998 1947 1153 2009 medius
1191 1943 1468 2008 brevissimus.
1524 1946 1662 2010 Omnes
1695 1951 1854 2030 ungulis

387 2047 577 2127 praediti.
622 2047 705 2111 Alter
725 2048 822 2110 loetus
845 2065 966 2111 saccum
989 2048 1172 2112 sitellarium
1195 2048 1226 2109 in
1248 2047 1410 2110 abdomine
1431 2067 1534 2112 secum
1557 2049 1625 2112 lert.

488 2197 541 2261 88.
565 2197 618 2262 87.
639 2197 697 2274 88)
742 2201 865 2262 Duobus
887 2201 935 2262 bis
958 2201 1089 2263 lectibus
1112 2200 1259 2261 anserinis
1282 2198 1394 2259 lubrica
1410 2198 1515 2260 vitiosa
1536 2200 1653 2263 linitinri
1676 2211 1747 2265 sunt
1768 2215 1851 2268 tres

386 2303 488 2384 pulli
511 2303 748 2382 gallinacei,
778 2323 904 2383 quorum
928 2302 1378 2386 unusquisquoduobus
1400 2303 1485 2364 anis
1511 2303 1733 2366 instructus
1754 2315 1852 2372 estet

387 2407 418 2469 in
443 2415 613 2468 extremo
634 2406 730 2484 pede
751 2407 988 2469 accessorio
1009 2407 1178 2488 quinque
1199 2405 1345 2485 digitos
1366 2405 1463 2467 babet.
1508 2405 1602 2466 Pedes
1626 2406 1664 2467 ita
1688 2416 1759 2469 sunt
1780 2427 1851 2472 sus-

385 2511 473 2592 pensi
496 2515 529 2572 ut
550 2509 677 2571 maxime
698 2509 825 2572 mobiles
840 2511 1014 2584 reddantur,
1038 2509 1123 2590 digiti
1138 2508 1327 2590 symmetrice
1342 2507 1491 2588 dispositi,
1511 2506 1630 2570 medius
1643 2508 1849 2575 brevissimus.

385 2617 421 2680 ln
443 2631 504 2676 uno
525 2611 607 2693 pullo
625 2631 678 2692 pes
700 2611 825 2674 sinister
845 2612 968 2674 mutilus
991 2621 1047 2674 est
1092 2611 1209 2673 Etenim
1239 2611 1311 2672 tarsi
1340 2609 1479 2688 exiguum
1507 2608 1708 2672 rudimentum
1730 2615 1850 2692 (quatu-

386 2738 474 2802 quarn
498 2715 621 2778 calcaris
644 2715 772 2796 vestigio
793 2716 977 2797 praeditum)
1000 2735 1068 2778 cum
1089 2715 1237 2778 duobus
1270 2714 1377 2776 modo
1405 2713 1543 2792 digitis
1565 2713 1740 2777 articulatur
1759 2734 1851 2779 snr-

385 2843 467 2888 sum
490 2817 675 2884 reflexis.
719 2817 809 2898 Digiti
834 2817 891 2881 sibi
915 2819 1063 2900 oppositi,
1094 2816 1278 2896 longitudine
1310 2815 1501 2896 inaequales,
1531 2825 1656 2898 uterque
1679 2834 1777 2896 ungue
1800 2817 1848 2880 in-

385 2935 528 2991 structus.
573 2921 604 2986 ln
637 2923 731 2985 altero
760 2921 841 3001 pullo
870 2922 942 2984 item
972 2939 1038 3001 pes
1067 2921 1239 2983 sinister
1265 2937 1327 2980 non
1346 2917 1435 2978 babet
1456 2916 1515 2980 nisi
1537 2923 1612 2982 duos
1631 2919 1760 2999 digitos,
1783 2921 1850 2986 lon-

290 3018 295 3030 '
385 3031 499 3112 giorem
521 3028 713 3101 anteriorem,
736 3027 904 3089 breviorem
925 3025 1133 3116 posteriorem.
1177 3023 1270 3085 Totus
1291 3041 1344 3102 pes
1364 3021 1488 3084 sinister
1510 3023 1616 3084 dextro
1637 3025 1787 3102 gracilior.

488 3184 546 3256 89)
589 3178 819 3246 Columbula
840 3198 885 3241 ex
908 3195 978 3238 ovo
999 3175 1164 3238 exclusa
1185 3192 1252 3236 cum
1275 3172 1372 3252 pede
1403 3173 1525 3236 tertio
1547 3194 1626 3256 pone
1646 3179 1754 3256 pedem
1777 3179 1849 3242 dex·

383 3301 462 3356 trum
485 3307 553 3354 cum
575 3284 696 3350 ossibus
719 3281 911 3346 innominatis
927 3280 1015 3362 bujus
1039 3279 1142 3342 lateris
1164 3277 1326 3340 articulato.
1370 3277 1430 3340 Pes
1443 3281 1631 3360 componitur
1652 3302 1669 3344 c
1690 3284 1850 3356 temore,

383 3411 497 3458 crure
532 3397 652 3470 praeter
679 3396 801 3448 naturae
824 3385 919 3464 legem
953 3385 1115 3459 breviore,
1150 3392 1180 3444 et
1202 3393 1326 3456 tarso,
1364 3401 1525 3464 quocum
1555 3384 1672 3463 digiti
1698 3396 1850 3467 septem

383 3493 509 3562 connexi
533 3491 766 3562 committuntur,
790 3505 917 3572 quorum
940 3487 1058 3550 medius
1079 3486 1287 3548 brevissimus.
1331 3485 1401 3548 dui
1424 3485 1619 3548 observantur
1636 3488 1720 3558 dun,
1743 3487 1845 3554 dexter

381 3599 476 3664 multo
497 3593 661 3674 angustior.
761 3653 766 3662 ,

484 3746 540 3822 90)
584 3745 723 3808 Pullus
755 3743 941 3806 arretinus
975 3753 1169 3807 neonatus
1193 3761 1261 3805 cum
1284 3741 1414 3822 pedibus
1436 3741 1554 3805 duobus
1574 3743 1750 3822 superfluis,
1785 3762 1844 3824 quo

382 3851 524 3936 petioli
554 3846 757 3911 flexibilis
791 3856 823 3908 st
845 3847 982 3908 bresis
1018 3864 1092 3927 ope
1126 3845 1545 3927 interutramqueani
1567 3855 1793 3924 aperturam
1816 3855 1846 3914 ct

382 3955 470 4038 paulo
488 3961 669 4024 antromum,
690 3949 864 4012 umbilicum
884 3967 990 4011 sersus
1012 3949 1179 4012 mobiles
1199 3949 1388 4029 suspensi
1412 3957 1512 4012 sunt.
1557 3947 1655 4010 Prima
1675 3951 1847 4016 esbonita-

381 4069 444 4123 tuns
465 4077 534 4139 pars
556 4074 648 4120 crus
668 4063 714 4116 est
736 4051 879 4131 simplex,
904 4071 1032 4133 quocum
1053 4053 1215 4116 cobserent
1235 4055 1330 4116 tarsi
1351 4054 1422 4116 duro
1442 4051 1667 4128 breviores,
1699 4054 1736 4118 ab
1759 4054 1847 4120 initio

382 4163 462 4226 inter
481 4179 517 4223 se
540 4157 700 4238 conjuncti,
722 4155 780 4218 sub
800 4155 890 4218 bnem
912 4155 1063 4236 disjuncti.
1108 4156 1219 4220 Alter
1239 4173 1307 4236 pes
1330 4156 1418 4218 babet
1439 4155 1592 4234 digitos
1614 4164 1718 4231 tres,
1747 4155 1865 4222 altsr'

380 4265 477 4328 duos
500 4271 529 4326 et
548 4261 717 4339 digitum
735 4259 848 4340 quasi
871 4258 1135 4331 dimidiatum,
1163 4277 1254 4339 quum
1278 4267 1429 4322 extremae
1450 4265 1564 4322 tantum
1585 4257 1747 4340 phalanges
1777 4278 1846 4324 cum

380 4387 484 4448 ungue
504 4367 535 4430 in
557 4364 692 4446 margine
714 4362 906 4426 membranae
927 4362 1089 4426 natatoriae
1112 4369 1241 4424 exstem.

485 4517 539 4596 st)
584 4515 720 4580 Pullus
743 4515 957 4578 anserinus
979 4513 1251 4594 praecedente
1272 4517 1410 4592 major,
1447 4513 1496 4576 cni
1518 4513 1549 4576 in
1572 4513 1716 4594 uroppgio
1736 4516 1843 4580 sedem

380 4611 497 4704 psdsis
533 4618 754 4683 accessorii
786 4618 874 4682 duo.
919 4617 1078 4680 Femora
1099 4617 1136 4679 ab
1157 4615 1244 4679 initio
1267 4615 1426 4691 coalita,
1450 4616 1600 4678 communi
1623 4616 1701 4680 cutis
1722 4617 1842 4680 indusio

381 4725 521 4798 inuoluta,
543 4742 610 4786 cum
625 4723 766 4788 cnrribus
782 4723 900 4786 duobus
921 4723 1079 4786 commissa
1102 4729 1182 4794 sunt,
1206 4738 1282 4802 quse
1303 4737 1320 4782 e
1343 4719 1489 4782 diametro
1502 4719 1669 4799 disergum
1715 4719 1845 4800 Uterque

381 4847 434 4914 pes
465 4836 612 4894 structura
634 4827 782 4906 regularis
805 4845 872 4890 cum
896 4833 1063 4908 quatuor
1097 4821 1237 4904 digitis
1264 4831 1295 4884 et
1326 4823 1548 4888 membrana
1570 4819 1843 4900 interdigitrli
